3734 5532
359 481 398 544 28
905 473 983 528 Buoh
1000 473 1122 529 Henoch.
1212 431 1216 440 ἰ

441 641 494 719 ΙΧ,
519 648 534 707 1
563 632 645 707 Τότε
659 633 957 724 παρ<α>κύψαντες
972 636 1106 726 Μιχαὴλ
1120 643 1176 707 καὶ
1194 632 1353 726 0<ύρι>ὴλ
1368 643 1425 706 καί
1438 631 1594 726 Ῥαφαὴλ
1616 643 1672 710 καί

361 734 509 826 Γαβριὴλ
526 727 623 808 οὗτοι
637 740 674 807 ἐκ
696 742 759 806 τοῦ
781 732 931 824 ούρανοῦ
953 733 1175 826 ἐθεάσα<ν>το
1191 736 1271 826 αἰμα
1285 735 1377 808 πολύ
1390 734 1671 827 ἐκχυννόμεν<ον>

359 840 414 908 ἐπὶ
432 842 494 926 τῆς
515 841 584 924 γῆς,
614 840 708 908 2καί
730 834 829 908 είπαν
850 834 969 924 πρὸ<ς>
990 831 1290 926 ἀλλήλους’φωνὴ
1312 837 1512 924 βσσόντω<ν>
1534 841 1589 907 ἐπί
1612 842 1672 926 τῆς

359 942 433 1024 γῆς·
468 941 562 1023 μέχρι
597 942 717 1006 πυλῶν
753 942 816 1006 τοῦ
850 931 999 1021 ούρανοῦ
1041 947 1059 1008 3
1094 932 1353 1025 ἐντυγχάνουσιν
1388 937 1422 1008 αἰ
1460 942 1562 1024 ψυχαὶ
1597 943 1670 1008 τῶν

324 1053 340 1105 5
359 1031 561 1122 ἀνθρώπων
575 1030 764 1122 λεγόντων·
781 1031 972 1123 είσαγάγετε
987 1033 1053 1123 τήν
1066 1042 1176 1126 κρίσιν
1190 1032 1288 1126 ἡμῶν
1302 1034 1390 1122 πρὸς
1405 1034 1469 1108 τόν
1483 1028 1670 1124 ύιμιστ<ον>.

359 1149 377 1205 4
405 1140 459 1205 καί
488 1135 619 1222 είπα<ν>
647 1139 697 1223 τῷ
725 1141 845 1223 κυρίῳ·
875 1134 916 1204 σύ
944 1137 976 1205 εί
993 1133 1108 1224 κύριος
1131 1143 1204 1206 τῶν
1225 1141 1353 1224 κυρίων
1373 1141 1430 1205 καί
1452 1129 1471 1206 ό
1494 1134 1578 1216 θεὸς
1598 1141 1671 1205 τῶν

359 1241 455 1306 θεῶν
476 1241 533 1304 καὶ
554 1232 706 1316 βασιλεύς
727 1239 802 1304 τῶν
823 1234 973 1305 αίαίνων.
1015 1230 1035 1306 ὁ
1056 1231 1184 1323 θρόνος
1205 1241 1267 1324 τῆς
1288 1231 1388 1323 δόξης
1409 1255 1472 1306 σου
1494 1239 1541 1316 εἰς
1562 1230 1671 1314 πάσας

359 1333 421 1416 τὰς
436 1331 552 1423 γενεὰς
567 1337 629 1403 τοῦ
643 1337 770 1416 αἰῶνος
790 1340 847 1404 καί
868 1332 910 1404 τό
932 1327 1040 1424 ὄνομά
1055 1357 1117 1406 σου
1138 1334 1179 1406 τό
1201 1328 1299 1423 ἅγιον
1320 1339 1376 1404 καί
1397 1339 1480 1422 μέγα
1501 1341 1557 1404 καί
1577 1329 1670 1404 εύλό-

359 1461 467 1522 γητον
500 1439 547 1514 εἰς
577 1428 710 1514 πάντας
739 1433 820 1516 τούς
846 1436 983 1517 αἰῶνας.
1034 1435 1115 1506 5σύ
1139 1434 1203 1526 γάρ
1229 1439 1388 1522 ἐποίησας
1409 1432 1454 1504 τά
1480 1430 1594 1506 πάντα
1614 1439 1670 1504 καί
1719 1427 1722 1432 ’

309 1550 342 1602 1ο
358 1539 473 1606 πᾶσαν
500 1531 567 1628 τήν
590 1537 745 1618 ἐξουσίαν
771 1533 859 1620 ἔχων
884 1538 940 1604 καὶ
966 1530 1082 1605 πάντα
1103 1529 1255 1605 ἐνώπιόν
1276 1557 1338 1604 σου
1359 1531 1490 1622 φανερά
1512 1539 1568 1604 καὶ
1590 1528 1670 1604 ἀκά-

359 1643 472 1702 λυπτα
494 1637 549 1700 καὶ
579 1627 696 1702 πάντα
725 1631 766 1702 σύ
796 1627 878 1724 δρᾷς
901 1657 919 1694 υ
942 1657 961 1693 υ
983 1659 1001 1694 ε
1044 1643 1064 1704 6
1086 1630 1108 1702 ἀ
1133 1635 1289 1722 ἐποίησεν
1310 1629 1439 1722 Ἆζαήλ,
1463 1625 1501 1714 ὃς
1522 1636 1671 1718 ἐδίδαξεν

359 1728 468 1812 πάσας
483 1728 544 1812 τάς
560 1726 688 1812 ἀδικίας
702 1735 757 1802 ἐπὶ
776 1737 837 1821 τῆς
858 1737 919 1822 γῆς
939 1741 996 1804 καὶ
1017 1729 1187 1822 ἐδήλωσεν
1209 1731 1253 1804 τά
1266 1729 1431 1822 μυστήρια
1451 1737 1514 1802 τοῦ
1536 1735 1669 1814 αἰῶνος,
1723 1775 1732 1792 ·

358 1830 402 1901 τά
424 1833 462 1900 ἐν
484 1837 535 1920 τῷ
567 1827 702 1920 οὐρανῷ
726 1827 747 1900 ἀ
769 1831 1015 1921 ἐπιτηδεύουσι,
1044 1837 1172 1920 7<ιιαί>
1199 1833 1352 1920 ἔγνωσαν
1386 1831 1583 1918 ἄνθρωποι,
1614 1837 1669 1902 καί

358 1935 525 2019 Σεμαζᾶς,
558 1920 586 2018 ᾧ
610 1927 677 2018 τὴν
700 1934 853 2016 ἐξουσίαν
875 1935 1004 2015 ἔδωκας
1023 1931 1138 2020 ἄρχειν
1160 1939 1234 2003 τῶν
1256 1931 1317 2002 σύν
1338 1927 1432 2021 αύτῷ
1455 1923 1523 2016 άμα
1545 1923 1669 2001 ὄντων.

308 2061 340 2114 15
358 2041 376 2102 8
400 2035 454 2100 καί
471 2027 708 2120 ἐπορεύθησαν
727 2028 814 2118 πρὸς
835 2030 898 2113 τάς
919 2039 1110 2120 θυγατέρας
1131 2038 1205 2102 τῶν
1226 2028 1428 2119 ἀνθρώπων
1450 2037 1512 2120 τῆς
1532 2035 1593 2119 γῆς
1614 2038 1668 2100 καί

358 2127 653 2219 συνεκοιμήθησαν
679 2126 797 2213 αύταῑς
819 2138 875 2202 καί
900 2128 1110 2221 ἐμιάνθησαν
1134 2137 1189 2202 καί
1218 2129 1396 2221 ἐδήλωσαν
1422 2128 1540 2214 αύταίς
1560 2126 1670 2213 πάσας

359 2229 420 2311 τὰς
435 2225 606 2320 ἁμαρτίας.
643 2237 732 2301 9ιιαί
748 2234 782 2300 αἰ
803 2249 957 2318 γυναῖκες
978 2235 1162 2320 ἐγέννησαν
1180 2236 1330 2315 τιτᾶνας,
1351 2226 1409 2318 ἀφ’
1426 2223 1477 2301 ὧν
1500 2223 1564 2320 ὅλη
1586 2225 1607 2318 ἦ
1629 2234 1669 2317 γῆ

443 2433 477 2487 οἱ.
497 2433 640 2501 Synoellus
657 2433 683 2490 S.
700 2433 780 2490 421st

443 2516 507 2572 τότε
517 2513 640 2589 ἐβόησαν
650 2514 679 2573 οἰ
687 2513 837 2591 ἀνθρωποι
847 2517 887 2585 εἰς
896 2518 947 2574 τόν
960 2517 1083 2589 οὐρανόν
1094 2517 1237 2588 λέγοντες·
1250 2516 1417 2589 είσαγάγετε
1426 2522 1477 2588 τήν
1485 2519 1577 2590 κρίσιν
1586 2516 1667 2587 ἡμῶν

357 2601 430 2672 πρὸς
441 2601 492 2657 τόν
510 2595 631 2672 ύιμιστον
648 2604 696 2658 καί
708 2604 758 2670 τήν
777 2601 922 2660 ἀπώλειαν
934 2603 1015 2672 ἡμῶν
1027 2599 1151 2658 ἐνώπιον
1168 2610 1216 2671 τῆς
1234 2603 1316 2673 δόξης
1327 2610 1376 2672 τῆς
1394 2602 1526 2673 μεγάλης,
1544 2599 1668 2657 ἐνώπιον
1735 2633 1740 2644 ·

358 2695 408 2742 τοῦ
419 2687 518 2756 κυρίου
530 2693 587 2741 τῶν
598 2687 703 2758 κυρίων
720 2685 836 2743 πάντων
848 2693 883 2757 τῇ
894 2686 1088 2756 μεγαλωσύνη.
1116 2689 1165 2742 καί
1177 2685 1351 2754 ἀκούσαντες
1363 2685 1391 2744 οἰ
1403 2687 1537 2758 τέσσαρες
1547 2685 1669 2757 μεγάλοι

357 2769 531 2842 ἀρχάγγελοι
550 2772 665 2840 Μιχαὴλ
681 2773 730 2826 καί
750 2770 852 2844 Οὐριήλ
868 2773 918 2827 καί
932 2766 1055 2842 Ῥαφαήλ
1076 2774 1124 2828 καί
1147 2775 1273 2846 Γαβριὴλ
1295 2771 1465 2845 παρίκυψαν
1483 2767 1529 2828 ἐπί
1546 2773 1597 2840 τήν
1614 2777 1666 2841 γῆν

357 2854 389 2911 ἐκ
406 2863 463 2912 τῶν
488 2851 578 2925 ἁγίων
600 2862 652 2910 τοῦ
674 2854 800 2926 ούρανοῦ
821 2858 871 2912 καί
892 2855 1069 2924 θεασόμενοι
1091 2849 1162 2925 αἰμα
1185 2856 1259 2913 πολὺ
1280 2853 1468 2926 ἐκκεχυμένον
1486 2852 1533 2911 ἐπί
1548 2861 1599 2923 τῆς
1615 2861 1668 2926 γῆς

356 2943 404 2996 καί
429 2947 525 2996 πᾶσαν
548 2937 671 3008 ἀνομίαν
696 2943 746 2996 καί
772 2938 904 3013 ἀσέβειαν
930 2939 1082 3012 γινομένην
1104 2935 1149 2996 ἐπ’
1170 2939 1268 3010 αὐτῆς,
1290 2940 1468 3006 εἰσελθόντες
1490 2934 1573 2996 εἷπον
1595 2938 1667 3012 πρὸς

357 3023 501 3094 ἀλλήλους,
521 3019 565 3079 ότι
582 3023 617 3080 τὰ
636 3023 784 3094 πνεύματα
802 3028 851 3082 καί
869 3023 899 3081 αἰ
916 3027 1005 3096 ψυχαί
1022 3033 1080 3081 τῶν
1092 3022 1256 3098 ἀνθρώπων
1274 3023 1474 3098 ἐντυγχάνουσι
1492 3023 1663 3092 στενάζοντα

356 3111 405 3164 καί
421 3108 557 3177 λέγοντα·
574 3107 741 3180 εἰσαγάγετε
759 3113 809 3179 τήν
827 3109 920 3179 δέησιν
937 3110 1018 3179 ήμῶν
1036 3109 1108 3182 πρὸς
1124 3109 1176 3166 τόν
1193 3106 1321 3180 ύιμιστον.
1350 3113 1400 3166 καί
1416 3109 1627 3183 προσελθόντες
1639 3103 1667 3162 οἰ

356 3193 492 3265 τέσσαρες
509 3191 684 3265 ἀρχάγγελοι
701 3188 783 3250 εἶπον
801 3201 841 3268 τῷ
858 3195 959 3268 κυρίῳ·
977 3193 1011 3250 σὺ
1024 3189 1051 3250 εἰ
1061 3193 1130 3260 θεὸς
1147 3201 1204 3250 τῶν
1223 3199 1301 3251 θεῶν
1318 3197 1367 3250 καί
1383 3194 1482 3268 κύριος
1495 3199 1550 3248 τῶν
1562 3193 1666 3264 κυρίων

355 3281 404 3333 καί
420 3277 552 3350 βασιλεὺς
569 3285 627 3334 τῶν
651 3280 791 3350 βασιλέων
813 3281 862 3334 καί
888 3278 958 3344 θεὸς
978 3285 1036 3334 τῶν
1058 3276 1180 3342 αἰώνων,
1206 3281 1256 3334 καί
1273 3275 1289 3333 δ
1307 3278 1415 3352 θρόνος
1436 3285 1485 3346 τῆς
1511 3277 1593 3346 δόξης
1616 3293 1666 3332 σου

355 3361 396 3427 εἰς
422 3361 515 3428 πάσας
536 3359 588 3427 τὰς
610 3361 710 3434 γενεὰς
731 3371 789 3420 τῶν
815 3360 938 3430 αίῶνων,
963 3365 1012 3418 καί
1034 3363 1067 3419 τό
1096 3360 1189 3433 όνομά
1216 3381 1269 3420 σου
1291 3357 1375 3434 ἅγιον
1404 3365 1454 3420 καί
1476 3360 1666 3432 εὐλογημένον

355 3445 395 3512 εἰς
413 3445 522 3512 πάντας
538 3444 605 3512 τοὺς
623 3445 741 3514 αἰῶνας·
761 3446 794 3504 ού
815 3446 870 3520 γάρ
892 3441 919 3504 εἰ
939 3444 956 3502 δ
975 3450 1095 3518 ποιήσας
1111 3446 1146 3504 τὰ
1165 3447 1258 3504 πάντα
1276 3449 1325 3504 καί
1341 3446 1457 3503 πάντων
1469 3449 1519 3516 τήν
1537 3443 1667 3513 ἐξουσίαν

355 3525 436 3600 ἔχων,
454 3533 504 3586 καί
521 3529 615 3587 πάντα
633 3528 757 3588 ἐνώπιόν
770 3550 822 3588 σου
835 3531 945 3603 φανερὰ
963 3535 1012 3588 καί
1029 3531 1184 3596 ἀκάλυπτα,
1197 3533 1246 3588 καί
1262 3529 1356 3588 πάντα
1369 3528 1447 3608 δρᾷς,
1459 3534 1507 3588 καί
1522 3528 1575 3586 οὐκ
1591 3525 1666 3586 ἐστιν

356 3611 373 3670 ό
391 3616 531 3687 κρυβῆναί
548 3631 579 3670 σε
598 3612 721 3672 δύναται.
751 3615 821 3693 δρᾷς
839 3613 893 3673 δοα
906 3615 1039 3687 ἐποίησεν
1048 3611 1148 3686 ἰίζαήλ,
1161 3612 1215 3673 ὅσα
1226 3615 1387 3687 εἰσήνεγκεν
1399 3617 1449 3672 καί
1462 3611 1515 3670 όσα
1534 3611 1666 3682 ἐδίδαξεν,

356 3696 466 3764 ἀδικίας
483 3701 532 3754 καί
550 3695 691 3772 ἁμαρτίας
703 3698 749 3757 ἐπί
766 3709 816 3770 τῆς
833 3708 885 3772 γῆς
901 3704 950 3758 καί
967 3701 1061 3758 πάντα
1079 3703 1164 3758 δόλον
1179 3699 1226 3757 ἐπί
1237 3708 1286 3770 τῆς
1303 3706 1397 3772 ξηρᾶς.
1433 3696 1540 3765 ἐδίδαξε
1558 3695 1614 3772 γὰρ
1631 3695 1666 3754 τό

355 3786 495 3856 μυστήρια
513 3785 562 3839 καί
580 3779 747 3856 ἀπεκάλυψε
759 3793 799 3860 τῷ
812 3785 895 3841 αἰῶνι
912 3785 948 3842 τά
966 3783 998 3842 ἐν
1010 3785 1132 3860 οὐρανῷ.
1161 3783 1353 3856 ἐπιτηδεύουσι
1364 3784 1394 3840 δὲ
1406 3782 1441 3840 τά
1460 3780 1666 3852 ἐπιτηδεύματα

356 3865 451 3936 αὐτοῦ,
479 3865 582 3924 εἰδέναι
602 3867 638 3924 τὰ
660 3871 808 3942 μυστήρια,
835 3867 864 3926 οἰ
880 3867 937 3926 υἱοί
959 3878 1017 3926 τῶν
1040 3867 1211 3942 ἀνθρώπων.
1246 3877 1286 3944 τῷ
1306 3871 1435 3945 Σεμιαζᾷ
1460 3870 1510 3938 τήν
1537 3863 1667 3934 ἐξουσίαν

356 3945 463 4016 ἔδωκας
480 3944 555 4020 ἐχειν
578 3952 606 4020 (l.
625 3947 733 4026 ἀρχειν)
758 3961 815 4010 τῶν
838 3955 888 4011 σὺν
915 3954 992 4029 αὐτῷ
1019 3950 1080 4024 ἅμα
1107 3949 1207 4010 όντων.
1241 3957 1290 4009 καί
1312 3951 1511 4026 ἐπορεύθησαν
1528 3949 1600 4024 πρός
1617 3948 1668 4015 τὰς

355 4035 516 4108 θυγατέρας
532 4043 591 4092 τῶν
609 4034 773 4110 ἀνθρώπων
790 4047 839 4108 τῆς
864 4047 916 4112 γῆς
940 4043 990 4095 καί
1012 4041 1258 4108 συνεκοιμήθησαν
1281 4031 1343 4107 μετ’
1365 4035 1458 4092 αἰτῶν
1481 4037 1530 4092 καί
1552 4031 1583 4090 ἐν
1605 4042 1666 4099 ταῖς

356 4121 484 4188 θηλείαις
501 4117 679 4191 ἐμιάνθησαν
690 4125 741 4178 καί
759 4121 902 4193 ἐδήλωσαν
921 4122 1019 4190 αὐταῖς
1036 4123 1130 4188 πάσας
1141 4121 1192 4188 τὰς
1209 4118 1351 4194 ἁμαρτίας
1367 4123 1416 4175 καί
1434 4117 1562 4186 ἐδίδαξαν
1580 4117 1667 4184 αἰτάς

355 4206 478 4277 μίσητρα
496 4214 598 4262 ποιεῖν.
621 4208 670 4262 καί
688 4214 738 4262 νῦν
757 4205 817 4264 ἰδού
836 4207 866 4264 αἰ
882 4209 1039 4282 θυγατέρες
1056 4214 1114 4263 τῶν
1133 4203 1296 4280 ἀνθρώπων
1315 4199 1413 4261 ἐτεκον
1431 4201 1462 4270 ἐξ
1478 4201 1572 4260 αἰτῶν
1590 4201 1667 4267 υἱούς

440 4389 459 4445 9
476 4383 532 4460 γάρ
543 4393 609 4449 <Δ
624 4391 628 4459 ί
644 4409 781 4462 εποιησες
792 4393 813 4446 Ρ
826 4385 853 4449 εἰ
864 4385 881 4447 δ
893 4387 1037 4462 ποιήσαςῗ
1053 4397 1057 4462 Ι
1075 4393 1110 4448 11
1125 4391 1217 4446 Liioke
1230 4389 1315 4446 durch
1328 4386 1583 4446 Homboteleuton‘?
1603 4385 1663 4456 ng

356 4478 380 4529 A
398 4475 478 4544 Syna.
493 4477 497 4544 Ι
514 4465 555 4546 ός]
574 4467 614 4540 ὡς
630 4478 656 4527 Α
675 4465 733 4532 ὅσα
752 4477 832 4546 Syna.
848 4481 851 4544 Ι
869 4478 907 4534 13
925 4479 974 4532 καί
988 4484 1020 4540 -ή-
1034 4475 1132 4546 Swete]
1151 4469 1345 4546 ἐπιτηδεύουσι
1362 4468 1550 4546 γιγνώσκεινῗ
1574 4489 1665 4540 επιτη·

356 4562 487 4616 δευουσιν
503 4577 635 4629 εγνωσαν
652 4561 674 4614 Ρ
692 4561 747 4632 vgl.
767 4562 847 4631 Syna.
865 4564 915 4630 καί
938 4554 1094 4632 ἐγνώρισεν
1114 4554 1281 4631 ἀνθρώποις
1298 4561 1444 4630 Σεμιαζᾶς
1460 4555 1506 4613 A‘?
1530 4559 1534 4625 Ι
1561 4557 1598 4614 16
1617 4557 1666 4610 καί

355 4639 386 4699 ἐν
402 4651 466 4710 ταῖς
482 4645 611 4715 θηλείαις
628 4640 812 4716 ἐμιάνθησαν
829 4646 901 4701 nach
919 4645 1016 4716 Sym?
1033 4649 1037 4714 Ι
1054 4647 1090 4702 17
1109 4663 1244 4709 τειτωνας
1262 4643 1291 4701 P.
