3734 5532
366 496 405 560 58
928 493 1004 547 Bueh
1022 493 1144 548 Henooh.

365 660 421 724 καὶ
442 653 585 742 ξηρὰνέ
586 649 622 724 π’
644 653 760 742 ἄκρων
780 661 854 726 τῶν
879 661 988 744 τριῶν
1010 650 1126 746 ὀρέων.
1161 660 1256 728 ἕνκαὶ
1277 659 1381 726 πᾶσαι
1401 647 1569 742 φάραγγές
1589 654 1672 722 εἰσιν

366 759 535 835 βαθεῑαιέ
536 782 557 824 ιι
578 759 705 841 πέτρας
726 760 870 844 στερεᾶς,
902 762 958 826 καὶ
989 761 1131 844 δένδρον
1162 749 1224 826 ούιι
1254 749 1440 842 ἐφυτεύετο
1476 747 1528 824 ἐπ’
1559 747 1673 856 αύτός

366 865 385 926 6
406 858 461 923 καὶ
482 850 655 942 ἐθαύμασα
676 858 751 942 περὶ
774 857 835 942 τῆς
857 850 1031 944 φάραγγος
1052 863 1107 927 καὶ
1130 862 1206 926 λέαν
1227 851 1401 942 ἐθαύμασα

447 956 580 1036 XXVII,
606 959 700 1024 λκαὶ
722 952 832 1024 εἶπον·
868 951 922 1024 διὰ
945 950 1064 1044 τέήχ
1045 961 1085 1044 μή
1113 947 1199 1042 αύτη
1220 982 1241 1042 η
1230 949 1473 1044 ἠύλοχημένη
1500 958 1557 1022 καὶ
1582 955 1674 1022 πᾶσα

332 1048 495 1142 οπλήρης
517 1058 676 1141 δένδρων,
703 1047 789 1140 αὕτη
819 1048 902 1122 δὲ’
882 1081 903 1142 η
925 1050 1057 1141 φάραγξ
1086 1059 1339 1142 κεκατηραμένη
1371 1055 1462 1122 ἐστέν
1486 1083 1505 1116 ι
1527 1082 1546 1116 ι
1568 1081 1587 1116 α
1610 1081 1628 1115 ι
1651 1081 1670 1115 ι

365 1183 383 1216 π
406 1183 424 1216 ι
447 1183 465 1218 ι
488 1183 507 1218 ι
530 1183 548 1218 ι
571 1185 589 1218 τ
612 1185 630 1218 τ
653 1183 672 1218 τ
694 1183 713 1218 ι
736 1185 754 1220 ι
777 1185 795 1220 ι
848 1157 890 1242 γῆ
925 1151 1119 1241 κατάρατος
1155 1171 1228 1236 τοῖς
1261 1154 1545 1240 κεκαταραμένοις
1582 1152 1674 1266 ἐστὶν

364 1252 459 1336 μέχρι
474 1253 608 1332 αἰῶνος.
651 1240 718 1320 ῶδε
732 1249 1059 1342 ἐπισυναχθήσονται
1078 1249 1215 1336 πάντες,
1231 1256 1356 1334 οἵτινες
1374 1255 1509 1368 ἐροῦσιν
1524 1253 1574 1338 τῷ
1598 1241 1673 1316 στύ-

365 1375 445 1434 ματι
471 1345 588 1420 αύτῶν
614 1343 703 1420 κατὰ
728 1356 847 1438 κυρίου
869 1350 994 1440 φωνήν
1015 1347 1150 1442 ἇπρεπή
1171 1358 1228 1424 καὶ
1253 1356 1329 1439 περὶ
1358 1355 1418 1439 τῆς
1442 1344 1541 1438 δόξης
1567 1341 1674 1418 αὐτοῦ

366 1444 492 1536 σκληρὰ
519 1445 729 1569 λαλήσουσιν.
773 1440 876 1522 ῶδεέ
860 1448 1199 1541 ἐπισυναχθήσονται,
1222 1457 1278 1520 καὶ
1301 1441 1368 1520 ῶδε
1392 1453 1485 1520 ἔσται
1516 1444 1557 1518 τὸ
1584 1450 1674 1534 οἰκη-

316 1567 349 1622 10
366 1543 486 1635 τήριον
509 1557 527 1619 3
549 1541 602 1618 ἐπ’
623 1543 776 1636 ἐσχάτοις
797 1553 966 1622 αἰῶσινέ
941 1555 987 1638 [ἐν
1009 1569 1084 1634 ταῖς
1106 1546 1304 1640 ήμέραις”
1262 1578 1324 1639 της
1344 1555 1485 1670 κρίσεως
1511 1549 1572 1635 τῆς
1594 1540 1674 1665 ύλη·

366 1651 475 1734 θινής]
499 1650 660 1717 ἐναντίον
680 1653 754 1718 τῶν
776 1651 917 1720 δικαίων
939 1648 1043 1732 εἰς
1006 1677 1070 1722 τον
1096 1641 1233 1720 ἅπαντα
1259 1645 1394 1738 χρόνον.
1444 1638 1512 1717 ῶδι
1537 1641 1672 1734 εύλοχή·

366 1767 485 1817 σουσιν
507 1750 539 1817 ολ
562 1741 704 1832 εύσεβεῐς
726 1743 790 1817 τόν
819 1745 939 1836 κύριον
966 1755 1027 1838 τῆς
1054 1745 1162 1874 δόξης,
1186 1747 1249 1820 τόν
1279 1754 1414 1832 βασιλέα
1444 1745 1508 1817 τού
1537 1751 1673 1827 αἰῶνος,

367 1857 385 1916 4
409 1848 446 1916 ἐν
465 1863 540 1928 ταῖς
562 1841 755 1936 ήμέραις”
713 1875 774 1936 της
788 1844 985 1934 κρίσεως
943 1857 1061 1921 αυτῶν
1077 1845 1324 1938 εύλοχήσουσιν,
1347 1851 1384 1918 ἐν
1406 1841 1537 1918 ἐλέει“
1509 1874 1557 1928 ως
1571 1849 1674 1934 ἐμέρι-

367 1965 425 2015 σεν
447 1940 570 2026 αὐτοῖς.
615 1959 633 2018 5
656 1974 735 2017 τοτε
756 1941 926 2036 ηύλόγησα
955 1945 1019 2020 τὸν
1045 1947 1163 2037 κύριον
1190 1954 1251 2037 τῆς
1277 1945 1377 2038 δόξης
1402 1953 1459 2016 καὶ
1485 1943 1550 2033 τήν
1572 1939 1675 2029 δόξαν

316 2065 349 2119 15
368 2039 475 2116 αύτου
459 2041 651 2133 ἐδήλωσα
672 2039 771 2116 26⁰
750 2069 881 2135 υμνησα
902 2053 1178 2135 μεγαλοπρεπῶς.

345 2207 350 2217 .
450 2147 594 2229 XXVIII,
620 2147 679 2216 1*
664 2173 714 2216 ετι
739 2149 871 2216 ἐκεῖθεν
893 2143 1085 2236 ἐπορεύθην
1107 2153 1153 2229 εἰς
1179 2145 1221 2219 τὸ
1251 2154 1353 2237 μέσον
1381 2113 1588 2231 Μανδόβαρα
1617 2147 1676 2212 καὶ

368 2239 523 2316 εἷδον’
482 2243 565 2315 αυτὸ
588 2245 713 2334 ἔρημον
734 2252 790 2315 καὶ
813 2239 896 2316 αὐτὸ
916 2241 1032 2332 μόνον,
1056 2244 1187 2336 πλήρης
1208 2251 1369 2335 δένδρων,
1391 2257 1410 2318 2
1433 2238 1531 2315 xaI’
1511 2239 1579 2314 από
1602 2247 1676 2312 τῶν

367 2337 673 2432 σπερμάτωνύδωρ
689 2341 859 2431 ἄνομβρσν
869 2343 1009 2414 ἄνωθεν
1019 2341 1209 2434 φερόμενον
1224 2358 1242 2420 3
1258 2343 1307 2430 ῶς
1320 2340 1517 2434 ύδραχωχός
1533 2338 1675 2430 δαψιλής

368 2437 416 2526 ῶς
438 2439 525 2529 πρός
546 2449 671 2532 βορρᾶν
693 2445 748 2514 ἐπὶ
769 2447 904 2532 δυσμῶν
926 2440 1104 2514 πάντοθεν
1125 2441 1240 2534 ύνόχει
1261 2439 1354 2534 ύδωρ
1375 2451 1432 2514 καὶ
1454 2441 1587 2530 δρόσον.

317 2561 351 2617 20
451 2545 567 2625 XXIX,
593 2555 607 2612 1
629 2549 685 2612 καὶ
707 2547 837 2612 ἐκεῖθεν
859 2541 1051 2632 ἐπορεύθην
1074 2547 1119 2626 εἰς
1142 2542 1249 2616 ἄλλον
1270 2541 1381 2618 τόπον
1395 2548 1432 2616 ἐν
1447 2549 1499 2632 τῷ
1516 2537 1675 2628 Βάβδηρα

368 2639 530 2728 καὶπρὸς
553 2636 723 2724 ύνατολός
749 2647 812 2712 τοῦ
839 2633 942 2730 όρους
972 2641 1099 2714 τούτου
1121 2639 1267 2732 φ’χόμην,
1299 2655 1317 2716 2
1340 2651 1396 2715 καὶ
1417 2645 1508 2715 εἶδον
1534 2644 1676 2728 ιιρὶσεως

454 3999 468 4054 1
488 4013 578 4053 ποια
601 3999 605 4064 ι
631 3998 656 4052 1.
675 3997 701 4054 2.
720 3985 836 4068 ἧσαι
858 3999 863 4068 ι
887 3999 905 4055 2
923 4002 1039 4070 μαοααι
1058 3993 1120 4054 αι’
1138 3991 1172 4054 οὐ
1189 3999 1366 4056 πλατεῖαι
1390 3999 1394 4066 ι
1418 3999 1437 4056 3
1455 4002 1504 4055 ιιι
1521 3991 1675 4069 τραύματα

367 4083 432 4154 περὶ
449 4085 500 4150 τῆς
516 4079 624 4153 πέτρας
641 4083 716 4145 -1-Δ
739 4081 743 4150 Ι
767 4099 921 4154 φαραγγας
943 4083 948 4152 Ι
972 4083 991 4140 5
1015 4083 1085 4138 adde
1108 4075 1176 4152 (διὰ
1195 4081 1288 4152 μέσον
1305 4075 1412 4148 αύτιῦνς
1438 4077 1505 4142 τότε
1530 4078 1675 4156 ύπειιρλθη

365 4184 417 4234 μοι
437 4157 542 4236 Οδριήλ
561 4157 577 4222 ὁ
596 4159 635 4232 εἷς
652 4171 711 4222 τῶν
727 4157 817 4237 ἁμέων
833 4159 970 4238 δγγέλινν,
989 4157 1023 4233 69
1039 4157 1105 4236 uet‘¹
1118 4163 1192 4236 ἐμοῦ
1209 4156 1252 4237 ἦν,
1269 4169 1318 4223 καὶ
1335 4160 1397 4224 εἶπέ
1413 4183 1477 4236 μοι·
1497 4159 1568 4239 αύτη
1586 4163 1603 4239 ἢ
1622 4163 1675 4238 φύ-

368 4245 483 4324 ραμξλέ]
500 4247 664 4322 κατάρατος
680 4253 740 4307 ιιτλ.
752 4251 786 4306 cf.
800 4255 824 4306 Δ
839 4253 843 4320 Ι
860 4253 877 4308 7
896 4246 928 4307 οἳ
942 4255 1051 4317 τινεςΑ
1069 4269 1097 4307 οι
1114 4269 1343 4325 κεκατηραμενοι
1360 4269 1434 4317 τινες
1456 4253 1478 4307 Ρ
1494 4255 1498 4322 I
1514 4254 1584 4318 9210
1602 4271 1675 4311 σικε-

366 4331 506 4410 τήριονΡ
532 4331 728 4408 κολαστήριον
747 4335 808 4400 Α’λΙ
830 4335 868 4392 10
890 4333 922 4392 ἐν
943 4341 1007 4399 talc
1029 4328 1148 4405 ἡμέραις
1164 4341 1213 4406 της
1237 4338 1360 4408 ιιρλσεως
1381 4343 1432 4408 τῆς
1452 4330 1591 4408 α’ληθινῆς
1612 4357 1638 4395 v.
1656 4337 1675 4393 1.

368 4439 401 4476 zu
420 4425 452 4476 14
469 4417 501 4476 έν
525 4427 588 4487 ταῖς
608 4413 653 4490 ήμ.
670 4439 694 4478 τ.
712 4441 738 4475 ιι.
762 4414 857 4476 αὐτῶν
871 4423 875 4486 Ι
892 4420 930 4476 12
949 4421 1061 4490 ασεβεις
1077 4421 1099 4474 Ρ
1117 4419 1224 4475 τετοῦ
1239 4422 1243 4490 Ι
1261 4422 1299 4478 16
1317 4414 1391 4492 πρὸς
1409 4415 1557 4488 ἀνατολὰς
1574 4429 1606 4486 ÷
1624 4424 1650 4477 A
1670 4423 1674 4491 Ι

370 4507 455 4572 17λ18
473 4499 532 4562 δτιὸ
549 4501 662 4562 τούτων
678 4509 738 4561 τῶν
756 4499 930 4574 σπερμάτων
946 4505 995 4559 ιιαλ
1006 4507 1031 4558 Α
1046 4505 1050 4572 Ι
1067 4504 1105 4561 18
1125 4497 1325 4577 δνομβροῦνῦ
1340 4507 1344 4572 l
1360 4499 1476 4561 ἄνωθεν
1494 4508 1565 4561 nach
1583 4505 1655 4562 oben
1670 4508 1673 4574 I

368 4585 532 4664 φερόμενον
544 4589 622 4659 Εδδ]
640 4593 800 4660 φαιρομενὸ
813 4589 836 4642 Ρ
853 4582 1059 4658 φαινόμενονῦ
1070 4586 1235 4662 φερόμενον
1246 4591 1295 4646 ιιαλ
1313 4583 1491 4660 φαινόμενον
1503 4591 1549 4645 A?
1563 4592 1568 4660 Ι
1586 4592 1623 4648 19
1638 4584 1677 4656 ὡς

368 4669 443 4748 πρδς
459 4679 572 4746 βορρᾶν
590 4669 636 4729 ἐπὶ
654 4676 769 4741 δυσμῶν
787 4691 840 4744 gen
858 4673 1044 4728 Nordwesten.
