3776 5532
912 455 989 510 Buch
1007 455 1128 510 Henoch.
1170 503 1184 538 ,ι

650 681 706 756 Ἐκ
732 691 803 758 τοῦ
830 691 902 758 τοῦ
927 681 1044 774 Ἑνὼχ
1072 693 1229 772 βιβλίου
1253 693 1399 777 χρῆσις.

372 833 411 893 42
436 827 501 891 Καὶ
532 826 565 893 οἱ
594 819 692 904 κύνες
722 817 871 912 ἤρξαντο
901 830 1094 893 κατεσθίειν
1124 822 1167 893 τὰ
1198 820 1354 912 πρόβατα
1383 833 1440 895 καὶ
1470 827 1503 895 οί
1537 815 1597 904 ύες
1628 830 1686 893 καί

372 922 404 992 οί
425 917 599 1004 ἀλώπεκες
623 919 817 1012 κατήσθιον
842 918 942 1006 αύτά,
968 927 1063 1010 μέχρι
1090 913 1130 993 ού
1156 918 1290 1012 ἤγειρεν
1316 918 1336 995 5
1361 922 1478 1012 κύριος
1500 930 1574 994 τῶν
1597 950 1686 1012 προ·

371 1017 489 1104 βάτων
514 1020 612 1109 κριὸν
639 1022 699 1093 ἕνα
725 1027 762 1093 ἐκ
788 1029 863 1094 των
883 1017 1079 1111 προβάτων.
1121 1033 1161 1094 43
1189 1027 1247 1093 καὶ
1268 1016 1288 1092 5
1309 1019 1404 1110 κριὸς
1426 1014 1528 1104 οὗτος
1548 1016 1684 1110 ἤρξατο

337 1125 558 1210 σκερατίζειν
584 1129 640 1193 καὶ
666 1121 860 1193 ἐπιδιώκειν
886 1124 924 1191 ἐν
949 1139 1023 1200 τοῖς
1047 1126 1185 1210 κέρασιν
1210 1129 1266 1192 καὶ
1292 1125 1505 1192 ἐνετίνασσεν
1530 1127 1578 1204 είς
1601 1120 1687 1203 τούς

372 1215 551 1304 ἀλώπεκας
577 1227 633 1293 καὶ
659 1217 731 1308 μετ’
754 1217 879 1302 αύτούς
900 1225 946 1302 είς
968 1220 1049 1301 τούς
1070 1214 1132 1302 ύας
1156 1227 1213 1291 καὶ
1238 1216 1416 1293 ἀπώλεσεν
1441 1213 1503 1302 ύας
1528 1219 1686 1302 πολλοὺς

371 1327 427 1389 καὶ
451 1314 523 1407 μετ’
546 1317 670 1404 αύτούς
693 1347 713 1386 ιι
734 1350 754 1385 ε
776 1351 795 1387 ε
817 1350 837 1385 ε
859 1351 878 1386 κ
902 1346 942 1392 το
965 1319 1046 1401 τούς
1072 1318 1185 1404 κύνας.
1226 1333 1267 1392 44
1292 1319 1413 1392 καὶτὰ
1434 1315 1601 1407 πρόβατα,
1632 1310 1685 1390 ὦν

372 1421 404 1488 οἱ
430 1412 605 1540 ὀφθαλμοὶ
630 1415 822 1510 ἠνοίγησαν,
845 1416 1033 1492 ἐθεάσαντο
1055 1419 1119 1492 τὸν
1138 1417 1237 1509 κριὸν
1251 1417 1315 1491 τὸν
1336 1424 1463 1502 ἐντοῖς
1483 1415 1684 1507 προβάτοις

372 1517 436 1597 ἕως
457 1508 498 1586 ού
517 1513 649 1608 ἀφῆκεν
670 1519 737 1610 τὴν
751 1514 834 1591 ὁδὸν
849 1515 954 1590 αύτου
939 1523 1029 1589 καὶ
1048 1515 1177 1610 ἤρξατο
1191 1517 1397 1609 πορεύεσθαι
1411 1515 1539 1610 ἀνοδίᾳ.
1568 1531 1610 1590 45
1625 1523 1684 1587 καὶ

320 1609 390 1684 105
418 1613 533 1705 κύριος
565 1624 640 1688 τῶν
667 1615 854 1707 προβάτων
882 1616 1079 1691 ἀπέστειλεν
1114 1618 1177 1691 τὸν
1212 1619 1298 1707 ἄρνα
1332 1624 1461 1690 τοῦτον
1496 1615 1615 1688 ἐπὶ”
1592 1645 1685 1706 αρνα

372 1715 489 1802 ἕτερον
511 1722 574 1787 τοῦ
600 1723 719 1807 στῆσαι
741 1715 847 1790 αύτὸν
869 1723 916 1800 είς
936 1715 1035 1806 κριὸν
1056 1716 1135 1789 ἐν’
1114 1726 1198 1808 αρχῇ
1219 1725 1293 1789 τῶν
1306 1714 1494 1808 προβάτων
1516 1714 1594 1789 ἄντί
1618 1723 1684 1787 τοῦ

370 1819 468 1900 κριοῦ
489 1820 552 1887 τοῦ
573 1811 775 1903 άφέντος
737 1845 803 1906 την
817 1811 900 1889 ὁδὸν
923 1813 1037 1889 αύτοῦ.
1073 1829 1114 1891 46
1130 1824 1183 1887 καί
1206 1815 1376 1906 ἐπορεύθη
1391 1815 1478 1906 πρὸς
1499 1813 1610 1888 αύτὸν
1625 1822 1684 1887 καὶ

370 1907 530 2002 ἐλάλησεν
545 1911 639 2004 αύτῷ
655 1924 731 2005 σιγῇ
752 1915 839 1987 κατά
861 1912 967 2005 μόνας
988 1925 1045 1988 καὶ
1065 1913 1197 2007 ἤγειρεν
1223 1913 1330 1988 αύτὸν
1355 1921 1402 1999 είς
1427 1913 1524 2004 κριὸν
1549 1923 1609 1986 καὶ
1638 1920 1686 1996 είς

370 2010 519 2100 ἄρχοντα
545 2022 602 2085 καὶ
630 2020 676 2098 είς
703 2013 892 2138 ἡγούμενον
922 2023 997 2088 τῶν
1025 2013 1220 2104 προβάτων.
1270 2021 1325 2086 καί
1346 2018 1379 2086 σί
1400 2013 1498 2098 κύνες
1519 2019 1575 2087 ἐπὶ
1598 2021 1684 2087 πᾶσι

319 2132 352 2185 15
371 2109 507 2196 τούτοις
526 2115 667 2200 ἐθλιβον
690 2114 732 2185 τά
757 2113 923 2203 πρόβατα.

452 2224 492 2283 47
523 2215 656 2304 ἑξῆςδὲ
682 2213 819 2298 τούτοις
837 2207 1075 2304 γέγραπταιῇ
1055 2243 1110 2286 οτι
1132 2208 1151 2286 5
1150 2213 1268 2338 κριὸς
1293 2207 1474 2303 ύπρωτος
1495 2211 1560 2286 τὸν
1581 2212 1685 2302 κριὸν

369 2309 434 2381 τὸν
464 2309 623 2402 δεύτερον
654 2317 847 2386 ἐπεδίωκεν.
896 2316 997 2385 aaz*
982 2341 1104 2402 εφυγεν
1138 2310 1206 2385 άπὸ
1236 2312 1425 2402 προσώπου
1453 2309 1567 2384 αύτοῦ.
1620 2309 1682 2386 εἶτ’

369 2410 553 2500 ἐθεωρουν,
577 2421 689 2502 φησίν,
713 2413 777 2485 τὸν
806 2412 904 2502 κριὸν
926 2412 990 2484 τὸν
1011 2418 1164 2533 πρῶτον,
1195 2404 1321 2496 ἕως
1281 2440 1323 2484 συ
1345 2414 1462 2484 ἔπεσεν
1484 2415 1683 2502 ἔμπροσθεν

370 2515 444 2580 τῶν
464 2518 588 2581 κυνῶν.
624 2522 664 2584 48
685 2506 783 2583 καὶὸ
804 2512 899 2602 κριὸς
921 2542 940 2584 ο
930 2507 1119 2600 δεύτερος
1140 2506 1403 2602 άναπηδὴσας’
1382 2510 1582 2602 αφηγὴσατο
1606 2519 1683 2584 τῶν

318 2625 352 2680 20
369 2605 563 2696 προβάτων,
594 2621 634 2682 49
660 2617 716 2682 καὶ
742 2611 785 2682 τά
811 2610 967 2701 πρόβατα
995 2607 1192 2702 ηὐξήθησαν
1216 2617 1314 2684 καὶέ
1298 2610 1575 2702 ἐπίηθύνθησαν.
1626 2619 1682 2684 καί

369 2703 496 2791 πάντες
518 2712 550 2780 οί
571 2708 668 2794 κύνες
698 2717 754 2782 καὶ
782 2714 817 2781 αί
847 2708 1023 2796 άλιύπεκες
1044 2713 1172 2800 ἐφυγον
1201 2706 1258 2784 ἀπ’
1283 2708 1389 2786 αύτοῦ
1409 2719 1466 2784 καὶ
1487 2715 1681 2800 ἐφοβοῦντο

369 2801 484 2878 αύτύν.

449 4625 466 4681 7
486 4621 676 4696 <Mamm
694 4625 879 4697 Kirkpatrick.
