3734 5532
344 487 384 548 42
866 481 943 538 Buoh
960 481 1082 538 Henouh.

345 641 552 732 πνεύμα<τα>
569 649 684 730 ζῶντα
702 643 838 716 αἰώνια·
860 649 963 734 ἐντῷ
979 647 1091 734 αἵματι
1113 650 1186 714 τῶν
1201 650 1371 732 γυναικῶν
1387 640 1580 734 ἐμιάνθητε,
1594 650 1650 714 καὶ

345 745 382 810 ἐν
410 745 523 830 αίματι
548 741 670 832 σαρκὸς
696 741 903 834 ἐγεννήσατε,
925 750 980 814 καί
1002 747 1039 816 ἐν
1061 747 1175 831 αἵματι
1198 741 1396 832 άνθροίπων
1417 741 1651 832 ἐπεθυμήσατε

346 846 417 928 (καὶ
439 839 634 930 ἐποιήσατε)
664 843 784 924 καθοὸς
809 851 864 914 καὶ
890 839 987 914 αάτοί
1015 849 1170 914 ποιοῦσιν
1200 839 1307 932 σάρκα
1337 851 1393 914 καὶ
1423 841 1503 928 αίμα
1529 845 1652 924 οἵτινες

347 933 624 1030 ἀποθνήσκουσιν
651 949 707 1013 καί
733 937 955 1016 άπάλλυνται.
997 955 1015 1014 5
1038 942 1093 1013 διὰ
1115 950 1220 1014 τοῦτο
1248 945 1356 1013 ἔδωκα
1377 939 1493 1025 αὐτοῖς
1514 949 1654 1030 θηλείας

312 1042 401 1110 δί’να
429 1047 709 1130 σπερματίσουσιν
738 1048 784 1124 είς
805 1037 911 1126 αὐτάς
931 1048 987 1112 καὶ
1008 1041 1233 1114 τεκνώσαυοιυ
1265 1045 1301 1112 ἐν
1332 1037 1449 1124 αὐτοις
1476 1045 1577 1112 τέκνα
1598 1033 1652 1111 οά-

346 1166 424 1225 τως,
441 1143 495 1210 ίνα
513 1138 558 1229 μή
573 1143 709 1228 ἐκλείπῃ
729 1137 844 1224 αὐτοῖς
865 1148 935 1214 πᾶν
949 1143 1049 1230 ἔργον
1069 1146 1124 1214 ἐπὶ
1147 1147 1207 1230 τῆς
1228 1147 1296 1230 γῆς.
1338 1152 1357 1214 6
1379 1137 1470 1229 άμείς
1491 1146 1527 1210 δὲ
1548 1135 1651 1228 ὑπήρ-

345 1265 420 1326 χετε
451 1237 657 1328 πνεύμα<τα>
686 1247 800 1326 ζῶντα
829 1241 963 1325 αἰώνια,
993 1248 1049 1311 καὶ
1079 1235 1140 1312 οάκ
1175 1235 1440 1330 άποθνήσκοντα
1468 1245 1514 1322 είς
1543 1235 1653 1320 πάσας

347 1335 409 1420 τάς
423 1337 538 1426 γενεάς
554 1345 618 1410 τοῦ
632 1345 764 1423 αἰῶνος.
802 1353 819 1410 7
834 1347 890 1412 καὶ
906 1340 960 1411 διά
976 1346 1080 1412 τοῦτο
1097 1335 1159 1411 οὐκ
1180 1343 1321 1428 ἐποίησα
1342 1342 1379 1410 ἐν
1400 1335 1477 1428 άμιν
1498 1346 1650 1426 θηλείας·

347 1435 390 1506 τά
420 1443 628 1528 πνέυμα<τα>
657 1446 720 1510 τοῦ
751 1435 911 1528 οὐρανοῦ,
943 1445 1052 1530 ἐντῷ
1085 1435 1219 1528 οὐρανῷ
1250 1435 1270 1528 ἦ
1301 1446 1494 1526 κατοίκησις
1529 1433 1653 1508 αὐτῶν.

298 1545 366 1608 108
388 1543 444 1606 καὶ
473 1543 534 1608 νῦν
560 1541 592 1610 οἱ
614 1545 767 1628 γίγαντες
789 1542 821 1610 οί
842 1547 1066 1628 γεννηθέντες
1087 1535 1155 1610 άπὸ
1178 1545 1251 1609 τῶν
1272 1534 1478 1626 πνευμάτων
1498 1545 1555 1607 καὶ
1576 1559 1652 1626 σαρ·

290 1631 294 1640 ’
347 1631 421 1718 κὸς,
444 1634 650 1726 πνεύμαίτα>
672 1635 785 1726 ἰσχυρά
808 1636 1074 1728 <κληθήσονται>
1096 1642 1150 1708 ἐπὶ
1173 1643 1233 1727 τής
1260 1643 1333 1726 γῆς,
1360 1643 1416 1708 καὶ
1442 1640 1479 1706 ἐν
1505 1643 1547 1724 τῇ
1569 1629 1655 1726 γήή

347 1742 542 1824 κατοίκησις
573 1733 690 1808 αὐτῶν
719 1737 820 1808 ἔσται.
867 1749 886 1810 9
913 1736 1120 1828 πνεύμα<τα>
1151 1736 1283 1825 πονηρά
1313 1739 1460 1826 ἐξῆλθον
1490 1731 1559 1807 άπὸ
1590 1742 1652 1807 τοῦ

349 1833 505 1922 σώματος
521 1831 646 1918 αὐτῶν,
669 1831 757 1906 διότι
773 1834 841 1909 άπὸ
857 1845 930 1908 τῶν
945 1832 1132 1926 άνωτέρων
1147 1841 1306 1926 ἐγένοντο
1321 1841 1376 1905 καί
1391 1840 1428 1906 ἐκ
1451 1842 1523 1906 τῶν
1545 1830 1653 1923 άγίων

349 1929 544 2024 ἐγρηγόρων
566 1930 586 2023 ἡ
608 1932 691 2026 άρχή
715 1941 775 2024 τῆς
795 1945 939 2019 κτίσεως
960 1933 1076 2008 αὐτῶν
1096 1943 1152 2006 καί
1175 1932 1258 2024 ἀρχή
1281 1942 1448 2024 θεμελίου.
1478 1932 1655 2024 πνεύματα

298 2051 331 2106 15
349 2033 483 2122 πονηρά
503 2032 710 2124 κληθήσεται
750 2050 785 2108 10
803 2034 1019 2125 [πνεύμα<τα>
1040 2031 1195 2122 οὐρανοῦ,
1218 2039 1321 2120 ἐντῷ
1341 2030 1477 2123 οὐρανῷ
1500 2029 1521 2121 ἡ
1542 2041 1654 2106 κατοί-

349 2157 444 2222 κησις
458 2129 575 2205 αὐτῶν
590 2136 691 2219 ἐσται,
713 2141 769 2206 καὶ
792 2135 834 2206 τά
855 2133 1030 2224 πνεύματα
1052 2139 1106 2206 ἐπὶ
1129 2141 1189 2224 τῆς
1211 2139 1271 2222 γῆς
1293 2131 1335 2204 τά
1358 2139 1578 2221 γεννηθέντα,
1600 2137 1655 2204 ἐπὶ

350 2238 411 2321 τῆς
427 2237 487 2322 γῆς
502 2229 522 2324 ή
538 2241 728 2322 κατοίκησις
744 2231 860 2306 αὐτῶν
876 2238 975 2306 ἔσται.
1014 2247 1048 2306 11
1065 2241 1130 2320 καὶ]
1147 2233 1190 2306 τά
1204 2231 1380 2322 πνεύματα
1396 2239 1470 2302 τῶν
1485 2227 1658 2321 γιγάντων

351 2339 530 2421 Ναφηλεὶμ
555 2329 747 2416 ἀδικοῦντα,
778 2330 988 2420 ἀφανίζοντα
1008 2341 1064 2404 καὶ
1086 2337 1300 2422 ἐμπίπτοντα
1321 2339 1376 2402 καί
1398 2329 1656 2421 συμπαλαίοντα

349 2439 405 2502 καὶ
435 2439 666 2521 συρρίπτοντα
692 2437 746 2502 ἐπὶ
774 2439 834 2522 τῆς
860 2439 920 2522 γῆς
947 2433 1133 2523 [πνεύματα
1155 2430 1281 2521 σκληρὰ
1303 2428 1484 2522 γιγάντων]
1507 2438 1563 2502 καὶ
1584 2427 1657 2520 δρά

299 2547 333 2602 20
350 2559 432 2618 μους
462 2537 629 2602 ποιοῦντα
658 2538 712 2602 καί
743 2538 845 2621 μηδὲν
875 2537 1068 2620 έσθίον<τα>
1100 2527 1171 2603 ἀλλ’
1199 2526 1383 2602 άσιτοῦντα
1413 2537 1468 2602 καὶ
1499 2537 1657 2616 διφῶντα

350 2637 405 2698 καὶ
427 2626 696 2715 προςκάπτοντα
742 2643 778 2702 12
802 2638 953 2722 [πνεῦμα]
981 2639 1036 2702 καὶ
1059 2629 1348 2720 ἐξαναστήσε<ται>
1375 2637 1482 2702 ταῦτα
1504 2633 1551 2712 είς
1577 2629 1658 2712 τούς

351 2728 441 2810 υἱοὺς
456 2737 530 2800 τῶν
546 2726 743 2818 ἀνθρώπων
757 2738 812 2801 καὶ
828 2738 901 2802 τῶν
917 2737 1096 2820 γυναικῶν,
1120 2724 1173 2801 ὅτι
1190 2729 1429 2820 ἐξεληλύθασιν
1451 2727 1508 2802 ἄπ’
1530 2726 1656 2800 αὐτῶν·

435 2917 590 2986 syncellus:

434 3003 483 3058 καί
500 2997 567 3071 μεθ’
584 2997 681 3074 ἕτερα·
698 3004 748 3058 καί
765 3011 814 3058 νῖν
834 3001 862 3057 ol
879 3003 1009 3072 γίγαντες
1027 2999 1055 3058 ol
1067 3001 1250 3074 γεννηθέντες
1267 2999 1324 3057 ἀπὸ
1337 3001 1506 3072 πνευμάτων
1522 3005 1571 3059 καλ
1590 3021 1657 3075 σαρ·

350 3087 408 3153 κός,
431 3085 578 3155 πνεύματα
605 3085 716 3158 πονηρὰ
740 3084 786 3142 ἐπὶ
808 3093 857 3155 τῆς
874 3093 925 3158 γῆς
950 3086 1117 3143 καλέσουσιν
1140 3085 1250 3151 αίτούς,
1277 3083 1320 3142 ὅτι
1342 3087 1359 3156 l
1381 3089 1544 3157 κατοίκησις
1562 3086 1655 3144 αὐτῶν

351 3167 430 3228 ἔσται
447 3169 494 3227 ἐπί
510 3177 560 3240 τῆς
576 3178 634 3242 γῆς·
670 3171 817 3241 πνεύματα
836 3169 948 3242 πονηρὰ
967 3166 1081 3227 ἔσονται
1098 3170 1132 3227 τά
1151 3169 1298 3240 πνεύματα
1317 3168 1504 3241 ἐξεληλυθότα
1523 3170 1581 3228 ἀπὸ
1604 3181 1656 3228 τοῦ

351 3255 485 3327 σώματος
504 3258 561 3326 [τῆς
574 3256 687 3327 σαρκὸς]
701 3255 802 3322 αὐτῶν,
820 3256 891 3312 ίιότι
909 3253 967 3312 ἀπὸ
980 3262 1036 3310 τῶν
1055 3252 1218 3326 ἀνθρώπων
1236 3252 1368 3325 ἐγένοντο
1380 3259 1430 3312 καί
1447 3253 1479 3313 ἐκ
1495 3263 1553 3312 τῶν
1565 3253 1656 3328 ἁγίων

350 3349 407 3399 τῶν
426 3339 591 3414 ἐγρηγόρων
609 3340 625 3410 l
644 3339 716 3415 ἀρχὴ
734 3347 782 3409 τῆς
799 3343 916 3406 κτίσεως
934 3338 1026 3396 αὐτῶν
1043 3343 1093 3396 καί
1111 3338 1182 3414 ἀρχή
1201 3341 1343 3408 θεμελίου.
1378 3340 1525 3410 πνεύματα
1543 3340 1656 3414 πονηρὰ

351 3425 398 3484 ἐπί
409 3433 458 3495 τῆς
475 3433 526 3498 γῆς
544 3419 664 3482 ἔσονται.
691 3424 725 3481 τὰ
744 3423 891 3495 πνεύματα
909 3431 967 3480 τῶν
979 3423 1118 3495 γιγάντων
1136 3424 1288 3494 νεμόμενα,
1301 3421 1460 3492 ἀδικοῦντα,
1473 3423 1659 3495 ἀφανίζοντα,

352 3511 527 3582 ἐμπίπτοντα
554 3513 602 3564 καί
620 3512 835 3580 συμπαλαίοντα
852 3513 901 3566 καί
918 3507 1071 3584 ῥιπτοῦντα
1090 3506 1136 3564 ἐπί
1157 3515 1206 3577 τῆς
1227 3516 1277 3580 γῆς
1293 3511 1343 3564 καί
1369 3509 1491 3580 δρόμους
1513 3517 1655 3566 ποιοῖντο

351 3599 401 3652 καί
417 3595 503 3666 μηδὲν
522 3591 656 3650 ἐσθίοντα
675 3587 735 3650 ἀλλ’
748 3592 898 3650 ἀσιτοῦντα
916 3597 964 3650 καί
983 3591 1118 3665 φάσματα
1137 3601 1273 3649 ποιοῦντα
1290 3595 1339 3648 καί
1358 3595 1485 3663 διψῶντα
1506 3596 1554 3650 καί
1572 3611 1657 3666 προσ·

351 3681 504 3736 κόπτοντα.
532 3681 580 3734 καί
595 3676 833 3748 ἐξαναστήσονται
844 3677 880 3736 τὰ
893 3677 1041 3748 πνεύματα
1054 3675 1100 3734 έπί
1114 3677 1181 3743 τοὺς
1194 3674 1272 3743 υἱοὺς
1284 3683 1342 3732 τῶν
1359 3674 1522 3748 ἀνθρώπων
1535 3681 1584 3734 καί
1600 3683 1658 3735 τῶν

352 3771 502 3836 γυναικῶν,
516 3759 559 3819 lu
571 3760 602 3830 ἐξ
613 3761 706 3818 αὐτῶν
718 3759 925 3831 ἐξεληλύθασιν.
949 3763 998 3820 καί
1010 3760 1067 3819 ἀπὸ
1081 3759 1187 3834 ἡμέρας
1200 3761 1319 3833 [καιροῦ]
1334 3767 1444 3832 σφαγῆς
1455 3765 1503 3818 καί
1516 3759 1660 3830 ἀπωλείας

352 3853 400 3906 καί
425 3847 555 3905 θανάτου
580 3845 970 3918 τῶν,γιγάντων,Ναφηλείμ
997 3844 1024 3903 ol
1051 3845 1159 3918 ἰσχυροί
1176 3853 1225 3914 τῆς
1242 3853 1293 3916 γῆς
1311 3843 1339 3902 ol
1355 3845 1475 3917 μεγάλοι
1502 3845 1660 3916 ὀνομαστοὶ

437 3999 488 4054 XV
507 4001 523 4054 6
541 3997 574 4052 uf.
592 3995 776 4052 Tertullianus
795 3996 829 4051 du
846 3996 912 4052 uult„
931 3998 993 4051 fem.
1012 3999 1024 4051 I
1043 4015 1065 4052 ο.
1083 3999 1107 4051 4.
1126 4027 1158 4036 -
1177 3997 1227 4050 XV
1247 3999 1276 4050 11
1296 3997 1329 4050 uf.
1349 3995 1559 4052 Commodianus
1578 3999 1659 4052 Inelr.

353 4087 363 4138 l
383 4089 406 4142 3.
443 4081 602 4138 Lactantius
620 4082 685 4136 Inst.
705 4082 730 4134 ll
749 4083 788 4135 15.

440 4237 466 4290 l.
480 4233 542 4290 λθ.
558 4234 603 4288 11.
620 4231 665 4288 12.
680 4231 887 4299 15πνευμαΡε
901 4233 975 4286 verb.
989 4231 1013 4286 D
1028 4233 1032 4299 Ι
1048 4231 1267 4300 λεγενηοατεΡ
1282 4235 1287 4298 Ι
1302 4222 1654 4302 3καίέτιοιήοατε-Ι-Αί

354 4323 371 4377 5
393 4317 640 4391 σπερματίσοοσιν
660 4315 715 4384 DC]
734 4317 976 4384 σπερματιζουοιν
996 4317 1018 4369 Ρ
1034 4317 1038 4382 Ι
1054 4333 1151 4380 ουτως
1174 4318 1178 4384 1
1203 4318 1360 4374 θεκλειπει
1377 4315 1420 4382 ΡΙ
1441 4316 1476 4370 11
1497 4311 1657 4386 κληθήσον·

354 4423 400 4459 ται
421 4405 496 4467 ÷A
519 4403 523 4470 l
549 4400 586 4458 12
605 4403 730 4466 εξελθων
747 4399 769 4453 Ρ
787 4395 910 4468 ἐξῆλθον
927 4401 973 4454 A?
1007 4400 1076 4454 lldd.
1095 4394 1286 4470 ἐξεληλυθότα
1304 4399 1406 4469 Synkl
1429 4400 1466 4456 13
1494 4391 1660 4468 α’νθροίπων

355 4491 397 4556 (=
415 4487 507 4556 αὔων)
525 4487 603 4556 Synu.
623 4501 772 4556 ανοιερων
788 4485 810 4538 Ρ
825 4486 829 4552 Ι
846 4485 884 4540 18
907 4486 1060 4554 Ναφηλείμ
1078 4484 1218 4554 Bouriunt]
1247 4487 1366 4553 νεφελας
1391 4483 1413 4538 Ρ
1428 4485 1433 4552 Ι
1450 4483 1487 4540 19
1510 4478 1658 4550 πνεύματα

356 4567 466 4644 σκληρά
479 4591 532 4642 γιγ.
542 4579 575 4630 <
585 4570 628 4624 As
641 4569 738 4639 ulgtc
754 4569 759 4636 Ι
776 4569 863 4634 luuu
875 4564 1037 4638 τρόμουςΔ
1052 4572 1056 4632 1
1072 4569 1112 4624 20
1124 4570 1275 4624 εσθειονΡ
1289 4569 1361 4624 verb.
1375 4568 1444 4622 Edu
1460 4568 1464 4634 Ι
1480 4567 1516 4622 21
1531 4561 1658 4639 προσκό-

355 4657 474 4728 πτοντα]
493 4651 669 4726 άπρόσοπτα
687 4653 730 4706 A?
745 4651 750 4726 Ι
766 4671 876 4720 πνευμα
894 4654 951 4709 alte
969 4653 1065 4709 Glosse
1083 4672 1116 4708 zu
1133 4658 1223 4707 ταῦτα
1238 4655 1243 4721 Ι
1258 4657 1429 4722 εξαναστηοι
1448 4653 1479 4708 Ρ.
