3734 5532
337 470 376 532 32
882 461 959 516 Buch
977 460 1099 515 Henoeh

336 635 465 696 λωνται
473 621 602 708 πάντες
611 627 643 695 σί
652 627 719 696 υίοί
734 629 809 696 τών
824 620 1025 712 ἀνθρώπων
1040 628 1078 695 ἐν
1093 631 1145 714 τῷ
1161 629 1334 714 μυστηρίῳ
1349 617 1421 714 ὅλῳ
1437 615 1646 715 ᾧέπίτασαν

335 729 367 796 ol
386 721 564 816 ἐγρῆγοροι
585 730 641 796 καί
662 729 849 813 ἐδί<δα>ξαν
870 723 951 808 τούς
972 722 1066 807 υίούς
1088 721 1213 795 αύτών.
1248 734 1267 796 8
1289 731 1345 796 καὶ
1366 720 1535 815 ἠρημώθη
1555 731 1647 796 πᾶσα

336 822 355 916 ῆ
371 831 412 915 γῆ
429 822 652 912 ἀφανισθεῖσα
667 829 705 895 ἐν
720 841 792 906 τοῖς
806 826 918 913 ἔργοις
933 831 994 914 τῆς
1013 829 1228 908 διδασκαλίας
1248 820 1377 914 Ἀζαῆλ,
1398 832 1455 896 καὶ
1477 820 1528 896 ἐπ’
1551 821 1645 913 αύτῷ

335 921 467 1013 γράψον
498 923 560 1006 τὰς
589 919 754 1014 ἀμαρτίας
783 920 901 1008 πάσας.
953 932 1055 996 θκαὶ
1084 931 1136 1014 τῷ
1164 923 1313 1014 Γαβριὴλ
1345 926 1440 996 εἶπεν
1473 921 1492 996 ὁ
1518 923 1646 1014 κύριος·

300 1022 482 1112 5πορεύου
511 1028 565 1095 ἐπὶ
598 1023 679 1106 τούς
705 1030 889 1114 μαζηρεόυς
911 1029 966 1095 ἐπί
988 1022 1069 1107 τούς
1089 1021 1269 1113 κιβδήλους
1289 1033 1346 1094 καὶ
1368 1025 1449 1106 τούς
1470 1023 1564 1107 υἱούς
1586 1031 1646 1114 τῆς

334 1130 502 1211 πορνείας,
524 1128 580 1194 καὶ
602 1120 773 1197 ἀπόλεσον
796 1123 876 1208 τούς
897 1123 991 1206 υίούς
1013 1131 1086 1196 τών
1107 1119 1303 1213 ἐγρηγύρων
1323 1120 1392 1196 ἀπὸ
1414 1132 1489 1198 τών
1510 1122 1646 1213 ἀνθρώ·

334 1252 421 1294 πων.
460 1228 598 1312 πέμψον
627 1219 751 1306 αύτούς
781 1227 819 1296 ἐν
848 1229 989 1313 πολέμῳ
1012 1219 1192 1306 ἀπωλείας.
1235 1220 1405 1314 μακρότης
1426 1223 1488 1312 γὰρ
1510 1220 1646 1313 ῆμερών

334 1317 396 1392 ούιι
418 1323 510 1394 ἐστιν
531 1318 656 1394 αύτών.
705 1335 743 1396 10
764 1331 821 1396 καὶ
842 1330 934 1396 πᾶσα
960 1323 1124 1414 ἐρώτησις
1150 1320 1244 1412 <ούκ>
1271 1325 1363 1394 ἔσται
1385 1341 1457 1404 τοῖς
1477 1320 1647 1412 πατράσιν

335 1417 451 1492 αύτών
477 1427 635 1512 καὶπερὶ
665 1419 782 1495 αύτών
810 1417 865 1496 ὅτι
891 1428 1084 1510 ἐλπίζουσιν
1116 1429 1211 1512 ζῆσαι
1233 1421 1326 1512 ζαῆν
1348 1420 1491 1494 αἰώνιον
1513 1431 1568 1496 καὶ
1591 1415 1646 1493 ὅτι

284 1534 317 1588 10
335 1517 469 1610 ζήσεται
506 1523 645 1604 ἕκαστος
680 1519 814 1594 1αύτών
849 1525 910 1613 ἐτη
944 1521 1159 1596 πεντακόσια.
1211 1536 1247 1594 11
1279 1530 1336 1594 καὶ
1365 1524 1472 1594 εἶπεν·
1503 1519 1646 1612 Μιχαῆλ,

333 1618 482 1708 πορεύου
510 1629 566 1694 καὶ
598 1628 703 1712 δῆσον
723 1629 894 1711 Σεμιαζᾶν
920 1629 975 1694 καὶ
998 1622 1079 1706 τούς
1099 1622 1240 1704 λοιπούς
1262 1621 1343 1705 τούς
1368 1623 1430 1692 σὺν
1456 1618 1550 1712 αύτῷ
1574 1640 1647 1704 ταῖς

333 1728 485 1810 γυναιξὶν
499 1729 656 1810 μιγέντας
668 1727 855 1812 μιανθῆναι
870 1727 907 1794 ἐν
922 1718 1039 1804 αύταῑς
1053 1725 1091 1792 ἐν
1105 1730 1149 1810 τῇ
1164 1717 1353 1814 ἀκαθαρσίᾳ
1368 1717 1494 1793 αύτών.
1532 1732 1569 1794 12
1589 1729 1647 1794 καὶ

334 1815 419 1893 ὅταν
448 1828 713 1910 κατασφαγώσιν
744 1823 776 1894 σί
806 1825 873 1892 υίσὶ
902 1819 1020 1892 αύτών
1051 1828 1107 1892 καὶ
1134 1826 1252 1893 ἴδωσιν
1278 1820 1343 1910 τῆν
1370 1819 1545 1894 ἀπώλειαν
1573 1829 1646 1892 τών

332 1917 530 2010 ἀγαπητῶν,
547 1923 624 2011 [καὶ]
647 1925 752 2011 δῆσον
774 1917 898 2002 αύτούς
919 1918 1150 2010 ἑβδομήκοντα
1172 1920 1288 2010 γενεὰς
1306 1924 1352 2003 είς
1367 1921 1429 2003 τὰς
1452 1918 1562 2002 νάπας
1584 1927 1645 2010 τῆς

282 2037 314 2090 15
333 2028 393 2112 γῆς
423 2027 516 2110 μέχρι
545 2017 669 2110 ῆμέρας
689 2028 832 2109 κρίσεως
855 2016 971 2090 αύτών
992 2027 1048 2090 καὶ
1074 2025 1310 2110 συντελεσμοῦ,
1339 2023 1404 2102 ἕως
1430 2027 1577 2109 τελεσθῇ
1604 2020 1645 2093 τὸ

332 2141 432 2210 κρίμα
447 2127 511 2193 τοῦ
526 2125 653 2202 αἰῶνος
668 2127 741 2192 τών
757 2120 903 2192 αἰώνων.
942 2130 979 2192 13
996 2116 1077 2190 τότε
1092 2115 1349 2210 άπαχθῆσονται
1364 2126 1411 2203 εἰς
1425 2117 1468 2190 τὸ
1482 2117 1564 2208 χάος
1583 2125 1646 2192 τοῦ

331 2218 439 2310 πυρὸς
453 2227 508 2292 καὶ
524 2225 571 2302 είς
586 2219 652 2310 τῆν
665 2217 815 2304 βάσανον
829 2227 886 2290 καὶ
901 2224 948 2300 είς
962 2215 1003 2288 τὸ
1019 2216 1253 2308 δεσμωτήριον
1274 2228 1495 2308 συγκλείσεως
1509 2226 1645 2300 αίώνος.
1678 2227 1680 2230 ’

336 2332 373 2392 14
388 2327 444 2390 καὶ
460 2312 497 2403 ὃς
512 2317 555 2390 ἀν
569 2324 836 2408 κατα<δι>κασθῆ
850 2326 907 2390 καὶ
922 2315 1106 2406 ἀφανισθῆ,
1117 2314 1185 2389 ἀπὸ
1197 2324 1259 2390 τού
1273 2326 1335 2390 νῦν
1350 2314 1422 2406 μετ’
1432 2316 1550 2390 αύτών
1560 2314 1646 2408 ὁμοῦ

333 2416 539 2510 δεθήσονται
554 2424 648 2508 μέχρι
664 2417 870 2500 τελειώσεως
885 2423 1008 2506 γενεᾶς.
1039 2429 1076 2489 15
1092 2412 1263 2490 ἀπόλυσον
1277 2415 1392 2490 πάντα
1407 2419 1451 2491 τὰ
1468 2418 1645 2508 πνεύματα

282 2531 316 2586 20
334 2526 408 2590 τών
433 2516 606 2608 κιβδῆλων
632 2523 689 2589 καί
715 2517 797 2598 τούς
819 2515 913 2600 υἱούς
935 2523 1008 2586 τῶν
1030 2513 1224 2606 ἐγρηγύρων
1246 2517 1300 2589 διὰ
1322 2516 1363 2590 τὸ
1386 2515 1542 2608 ἀδικῆσαι
1565 2517 1646 2600 τούς

333 2617 552 2710 ἀνθρώπους,
595 2627 633 2690 16
664 2622 719 2688 καί
746 2612 918 2688 ἀπύλεσον
943 2615 1009 2705 τῆν
1033 2613 1165 2688 ἀδικίαν
1190 2624 1304 2689 πᾶσαν
1332 2614 1400 2690 ἀπὸ
1423 2623 1486 2706 τῆς
1507 2623 1568 2706 γῆς
1589 2623 1645 2688 καὶ

331 2725 401 2790 πᾶν
440 2719 538 2806 ἔργον
573 2721 738 2806 πονηρίας
773 2719 968 2800 ἐκλειπέτω,
1008 2723 1064 2787 καὶ
1100 2713 1312 2807 ἀναφανῆτω
1348 2715 1390 2790 τὸ
1430 2715 1544 2805 φυτὸν
1584 2721 1644 2805 τῆς

333 2813 545 2906 δικαιοσύνης
575 2821 630 2887 καὶ
661 2821 722 2904 τῆς
749 2809 912 2905 ἀληθείας
933 2841 953 2877 ν
975 2841 994 2876 ε
1016 2843 1035 2877 ν
1058 2841 1077 2877 τ
1106 2823 1153 2899 είς
1179 2817 1260 2899 τούς
1287 2822 1414 2900 αίώνας
1435 2815 1520 2906 μετὰ
1541 2822 1645 2904 χαρᾶς

332 2913 541 3004 φυτεύσεται.
590 2925 628 2986 17
649 2923 705 2986 καὶ
736 2921 798 2986 νῦν
827 2912 955 2998 πάντες
984 2921 1017 2989 σί
1043 2923 1166 2988 δίκαιοι
1188 2914 1410 3003 ἐκφεύξονται
1430 2922 1486 2988 καὶ
1508 2920 1644 2988 ἔσονται

278 3027 311 3083 25
332 3023 474 3102 ζῶντες,
513 3015 577 3098 ἕως
612 3011 819 3104 γεννῆσωσιν
854 3013 1017 3104 χιλιάδας,
1053 3025 1109 3088 καὶ
1143 3023 1248 3088 πᾶσαι
1270 3019 1305 3086 αί
1331 3011 1450 3105 ἡμέραι
1480 3013 1644 3104 νεότητος

331 3111 461 3198 αύτών,
488 3120 545 3186 καί
567 3111 610 3186 τά
632 3111 782 3200 σάββατα
804 3111 921 3186 αὐτῶν
941 3115 1026 3206 μετὰ
1051 3114 1184 3206 είρῆνης
1205 3114 1452 3204 πληρώσουσιν.
1499 3125 1537 3186 18
1560 3111 1641 3184 τότε

329 3269 494 3346 ἀνθρώπων
511 3278 563 3328 τοῦ
579 3275 735 3342 μιανθῆναι
754 3269 784 3328 ἐν
802 3271 900 3340 αὐταῖς
918 3271 948 3330 ἐν
964 3280 999 3344 τῇ
1017 3271 1181 3348 ἀκαθαρσιή
1200 3270 1302 3328 αὐτῶν.
1336 3273 1386 3328 καὶ
1404 3268 1474 3328 ὅταν
1493 3290 1641 3341 κατασφα-

330 3363 418 3428 γῶσιν
436 3353 464 3414 οί
482 3353 538 3412 νίοί
556 3353 649 3412 αέτῶν
666 3359 715 3412 καί
733 3353 829 3414 ίδωσιν
846 3361 896 3428 τῆν
909 3357 1055 3416 ἀπώλειαν
1068 3364 1126 3414 τῶν
1138 3355 1294 3429 ἀγαπητῶν
1312 3353 1413 3423 αὐτῶν,
1432 3359 1518 3426 δῆσον
1538 3353 1641 3422 αύτούς

328 3439 374 3498 ἐπὶ
394 3437 590 3514 ἑβδομήκοντα
608 3440 709 3512 γενεὰς
726 3441 831 3508 εἰςτὰς
848 3443 943 3510 νάπας
954 3451 1003 3512 τῆς
1014 3450 1066 3514 γῆς
1076 3443 1158 3514 μέχρι
1176 3441 1283 3514 ῆμέρας
1299 3442 1419 3514 κρίσεως
1437 3440 1538 3507 αὐτῶν,
1556 3441 1641 3513 μέχρι

328 3523 435 3598 ῆμέρας
452 3522 625 3592 τελειώσεως
642 3530 787 3596 τελεομοῦ,
800 3522 855 3594 ἕως
868 3531 1040 3598 σνντελεοθῇ
1049 3536 1138 3598 κρῖμα
1155 3533 1206 3582 τοῦ
1219 3524 1324 3592 αἰῶνος
1340 3531 1398 3581 τῶν
1416 3523 1539 3584 αἰώνων.
1573 3526 1638 3582 τότε

327 3608 572 3682 ἀπενεχθῆσονται
591 3609 630 3677 είς
647 3610 681 3666 τὸ
696 3610 770 3682 χάος
786 3620 838 3667 τοῦ
855 3612 945 3686 πυρὸς
956 3615 1005 3668 καί
1022 3611 1063 3678 είς
1073 3615 1123 3681 τὴν
1135 3610 1264 3684 βάσανον
1280 3612 1330 3666 καί
1341 3608 1383 3676 είς
1398 3609 1432 3666 τὸ
1446 3613 1640 3683 δεσμωτήριον

325 3700 375 3762 τῆς
398 3695 582 3764 σιγκλείσεως
599 3703 650 3752 τοῦ
667 3693 780 3762 αἰῶνος.
809 3700 859 3752 καί
872 3694 903 3763 ὃς
921 3693 957 3753 ἂν
969 3701 1130 3770 κατακριθῇ
1147 3697 1196 3751 καί
1213 3692 1367 3765 ἀφανισθῇ,
1380 3691 1438 3751 ἀπὸ
1452 3703 1504 3752 τοῦ
1515 3703 1565 3751 νῦν
1577 3689 1639 3765 μετ’

327 3775 422 3834 αὐτῶν
434 3775 508 3848 ὁμοῦ
520 3781 689 3850 δεθήσονται
706 3779 789 3854 μέχρι
807 3779 980 3848 τελειώσεως
997 3788 1099 3854 γενεᾶς
1116 3779 1218 3836 αἰτῶν.

411 3914 436 3970 X
455 3917 487 3970 17
505 3916 539 3970 ef.
558 3915 717 3970 Lactantius
735 3917 801 3971 InsA
819 3917 871 3972 VII
889 3919 930 3974 24.

411 4051 426 4106 1
448 4041 508 4125 ύλῳ
525 4037 549 4126 ᾧ
567 4046 712 4106 ἐπίτασαν
730 4051 761 4122 G]
783 4053 842 4106 ολω
861 4071 885 4107 ω
902 4055 1049 4118 επαταξαν
1064 4051 1086 4106 Ρ
1110 4039 1183 4105 ὅλον
1200 4038 1218 4104 ἀ
1237 4043 1383 4114 ἐπάταξαν
1399 4053 1424 4104 A
1446 4040 1539 4105 τίεΙΙώ
1558 4045 1637 4122 λόγῳ

324 4130 469 4190 ἐπέτασαν
486 4125 515 4204 (δ’
536 4128 619 4190 είιιυν
644 4135 733 4206 Sync.)
758 4139 762 4204 1
787 4136 805 4192 2
825 4138 918 4203 εδιξαν
935 4137 966 4206 Ρ]
989 4135 1106 4190 verb.D
1129 4136 1134 4200 Ι
1157 4134 1292 4190 4τωνΡ
1316 4135 1321 4202 Ι
1344 4135 1364 4191 8
1386 4130 1528 4206 ἐρώτησις
1546 4135 1636 4205 Syna]

323 4235 435 4290 εργεσις
452 4219 493 4288 ΡΙ
509 4213 563 4276 ούκ
581 4225 613 4284 ÷
631 4223 654 4274 A
674 4220 774 4290 Syna!
794 4221 813 4277 9
831 4224 898 4292 περὶ
916 4213 1012 4276 αὐτῶν
1026 4229 1059 4278 <
1077 4221 1100 4272 A
1118 4219 1217 4288 Sym}
1239 4219 1277 4275 10
1295 4221 1370 4287 (τῶν
1391 4217 1477 4286 υἱῶν)
1497 4213 1610 4291 αὐτῶνθ
1630 4221 1633 4287 Ι

326 4303 360 4358 11
383 4305 470 4372 δῆσον
491 4301 685 4374 (δίσμωσυνλ)
703 4307 849 4374 Σεμιαζᾶν
865 4307 915 4360 καί
931 4298 1001 4368 τούς
1022 4297 1142 4366 λοιπούς
1158 4297 1226 4366 τοὺς
1246 4333 1279 4344 -
1300 4302 1435 4374 μιγέντας
1451 4306 1524 4360 nach
1545 4305 1634 4374 Sym]

323 4388 455 4458 δηλωσον
475 4389 602 4458 Σεμιαζα
619 4392 669 4446 καί
694 4407 756 4456 τοις
773 4392 886 4454 λοιποις
902 4407 965 4454 τοις
986 4417 1016 4428 -
1032 4405 1168 4458 μιγεντας
1185 4387 1242 4455 (sio)
1260 4387 1283 4442 P
1305 4389 1309 4456 Ι
1335 4389 1374 4444 14
1394 4391 1445 4444 καί
1462 4399 1496 4447 <
1513 4391 1538 4442 A
1556 4389 1635 4458 Syna.

323 4472 364 4526 Ob
381 4467 585 4544 κατύδησονλΙ
602 4477 640 4532 17
653 4492 688 4531 το
708 4476 757 4530 δεσ
774 4490 808 4528 τα
822 4473 1033 4542 δεσμοτηριονῑ
1049 4471 1088 4527 18
1107 4459 1140 4536 ἀς
1157 4465 1194 4526 ἀν
1209 4471 1299 4542 Syna]
1317 4490 1389 4528 οταν
1403 4482 1408 4543 Ι
1423 4473 1633 4543 καταδικασθῇ]

321 4561 510 4628 κατακανσθη
535 4558 558 4612 P
581 4561 753 4628 κατακαυθῇ
776 4561 801 4612 A
824 4560 989 4628 κατακριθῇ
1015 4556 1093 4626 θγτια
1109 4557 1114 4623 Ι
1133 4573 1223 4623 μεμετ
1242 4557 1247 4624 Ι
1267 4557 1304 4612 21
1325 4551 1384 4614 ἀπὸ
1404 4551 1567 4630 προσώπου
1584 4564 1635 4628 τῆς

322 4646 373 4710 γῆς
389 4645 414 4696 A
429 4643 433 4710 Ι
449 4642 487 4700 23
506 4643 598 4698 Liloke
614 4643 686 4697 nach
700 4645 724 4698 A
740 4645 745 4710 Ι
761 4642 801 4700 24
819 4637 1030 4712 φιτειθῆσεται
1042 4641 1089 4697 DC
