3734 5532
448 1685 471 1764 Ι,
496 1693 510 1750 1
540 1674 649 1767 Λόγος
671 1675 824 1766 εὐλογίας
845 1673 958 1765 Ἐνούχ,
980 1679 1099 1758 καθὼς
1118 1673 1296 1766 εὐλόγησεν
1315 1676 1495 1758 ἐκλεκτούς
1516 1682 1672 1758 δικαίους,

368 1783 494 1861 οἵτινες
516 1782 652 1850 ἔσονται
674 1780 719 1859 εἰς
741 1775 868 1867 ἡμέραν
882 1773 1031 1865 ἀνάγκης
1052 1780 1166 1866 ἐξᾶραι
1186 1773 1320 1858 πάντας
1342 1776 1422 1859 τούς
1443 1774 1595 1863 ἐχθρούς,
1618 1784 1673 1846 καὶ

368 1876 590 1968 σωθήσονται
621 1883 752 1948 δίκαιοι.
795 1887 814 1947 2
840 1883 897 1947 καὶ
924 1871 1107 1962 ἀναλαβών
1134 1873 1199 1964 τὴν
1224 1875 1424 1965 παραβολὴν
1448 1871 1554 1946 αύτοῦ
1581 1875 1674 1946 εἶπεν

366 1974 479 2065 Ἑνώχ,
502 1975 691 2066 ἄνθρωπος
712 1981 848 2058 δίκαιος,
871 1976 964 2046 ἔστιν
986 1967 1101 2063 ὅρασις
1122 1979 1160 2046 ἐκ
1179 1981 1265 2046 θεοῦ
1287 1971 1380 2064 αύτῷ
1403 1971 1608 2064 ἀνεῳγμένη,
1631 1973 1674 2065 ἣν

330 2079 453 2165 δέχων
479 2076 545 2166 τήν
571 2069 690 2164 ὅρασιν
711 2080 775 2146 τοῦ
796 2071 893 2164 ἇγὶου
918 2073 1006 2146 κατὰ
1032 2074 1113 2156 τούς
1139 2071 1305 2162 ούρανούς
1327 2105 1347 2140 ε
1369 2105 1388 2138 ι
1410 2105 1430 2141 κ
1450 2071 1580 2161 ἔδειξᾶν
1605 2101 1672 2163 μοι,

365 2183 422 2246 καὶ
444 2171 636 2265 ἆγιολύγων
655 2170 762 2264 ἆγίων
782 2171 909 2264 ἤκουσα
930 2175 997 2263 ἐγὼ
1016 2179 1072 2243 καὶ
1095 2169 1144 2255 οδς
1166 2170 1293 2264 ἥκουσα
1306 2171 1387 2263 παρ’
1409 2171 1536 2258 αὐτῶν,
1558 2171 1674 2245 πάντα

365 2281 421 2346 καὶ
444 2278 555 2364 ἔγνων
576 2276 642 2365 ἐγώ
666 2281 819 2364 θεωρῶν.
854 2280 911 2344 καὶ
933 2269 994 2344 ούκ
1016 2278 1063 2355 εἰς
1084 2272 1149 2363 τήν
1171 2279 1233 2344 νῦν
1248 2274 1367 2362 γενεὰν
1383 2272 1584 2363 διενοούμην
1599 2269 1674 2344 ἀλλ’

366 2380 422 2446 ἐπὶ
447 2371 569 2464 πόρρω
597 2367 703 2446 οὖσαν
728 2375 795 2463 ἐγὼ
822 2381 927 2445 λαλῶ.
972 2383 990 2444 3
1016 2379 1072 2442 καὶ
1098 2379 1174 2463 περὶ
1196 2380 1270 2444 τῶν
1297 2377 1469 2446 ἐκλεκτῶν
1496 2380 1559 2444 νῦν
1586 2379 1674 2461 λέγω

367 2480 423 2545 καὶ
445 2481 521 2563 περὶ
543 2470 660 2545 αύτῶν
680 2470 847 2558 ἀνέλαβον
863 2471 928 2561 τήν
941 2469 1141 2560 παραβολήν
1154 2495 1232 2562 μου·
1252 2479 1308 2543 καὶ
1325 2473 1531 2560 ἐξελεύσεται
1547 2469 1566 2544 ὁ
1581 2466 1675 2560 ύγιύς

317 2581 454 2662 101μου]
479 2568 497 2644 ὁ
519 2578 620 2662 μέγας
642 2577 679 2644 ἐκ
701 2578 762 2660 τῆς
783 2569 1014 2661 κατοικήσεως
1035 2567 1155 2654 αὐτοῦ,
1186 2584 1206 2642 4
1232 2578 1288 2642 καὶ
1310 2567 1329 2643 δ
1352 2569 1433 2654 θεὸς
1460 2580 1524 2644 τοῦ
1550 2577 1675 2654 αἰῶνος

368 2675 423 2742 ἐπὶ
445 2678 509 2761 γῆν
529 2669 673 2762 πατήσει
695 2676 750 2742 ἐπὶ
772 2669 813 2742 τδ
835 2667 910 2741 Σίν’
934 2663 1015 2759 ὄρος
1033 2678 1090 2740 καὶ
1112 2668 1299 2760 φανήσεται
1320 2676 1357 2743 ἐκ
1379 2679 1441 2762 τῆς
1461 2676 1675 2761 παρεμβολῆς

280 2843 289 2854 ,
369 2767 475 2842 αύτού
495 2776 551 2841 καὶ
567 2768 755 2859 φανήσεται
771 2775 809 2841 ἐν
823 2779 866 2859 τῇ
881 2766 1018 2857 δυνάμει
1037 2775 1098 2858 τῆς
1117 2768 1229 2859 ἰσχύος
1243 2767 1351 2842 αύτού
1365 2767 1434 2842 ύπδ
1449 2779 1514 2843 τοῦ
1528 2773 1676 2861 ούρανοῦ

369 2877 443 2941 τῶν
477 2866 643 2959 ούρανῶν.
686 2885 704 2942 5
735 2879 791 2941 καὶ
821 2868 1081 2959 φοβηθήσονται
1110 2867 1252 2955 πάντες,
1288 2877 1342 2942 καὶ
1377 2869 1613 2943 πιστεύσουσιν
1643 2874 1676 2942 οἳ
1707 2903 1710 2909 ’

369 2967 548 3059 ἐγρήγοροι
580 2975 645 3055 [καὶ
672 2963 799 3062 ᾄσωσιν
833 2966 1016 3058 ἇπύκρυφα
1042 2973 1080 3039 ἐν
1105 2975 1209 3041 πᾶσιν
1236 2989 1307 3053 τοῖς
1334 2969 1451 3058 ἄκροις
1481 2977 1543 3060 τῆς
1573 2975 1675 3059 (γῆς),

318 3077 351 3130 15
368 3075 424 3137 καὶ
447 3065 685 3157 σεισθήσονται
699 3067 815 3141 πάντα
829 3068 871 3140 τὰ
888 3069 974 3157 ἄκροι
990 3073 1051 3157 τῆς
1066 3074 1135 3158 γῆς]
1158 3077 1214 3140 καὶ
1228 3068 1397 3160 λήμψεται
1413 3067 1537 3154 αύτούς
1552 3066 1677 3159 τρόμος

368 3175 424 3238 καὶ
447 3165 553 3256 φόβος
578 3175 679 3258 μέγας
705 3175 798 3257 μέχρι
825 3175 899 3240 τῶν
924 3165 1086 3256 περύτων
1107 3175 1170 3258 τῆς
1196 3175 1264 3258 γῆς.
1307 3181 1325 3243 6
1356 3177 1412 3241 καὶ
1438 3167 1676 3260 σεισθήσονται

368 3275 424 3338 καὶ
446 3275 631 3341 πεσοῦνται
658 3275 713 3337 καὶ
741 3265 1008 3357 διαλυθήσονται
1030 3260 1093 3355 δρη
1119 3264 1249 3358 ύψηλά,
1276 3277 1333 3340 καὶ
1355 3267 1678 3358 ταπεινωθήσονται

369 3375 485 3451 βουνοὶ
511 3366 637 3457 ύψηλοὶ
664 3374 739 3453 [τοῦ
766 3373 942 3456 διαρυῆναι
969 3359 1041 3455 ὄρη]
1073 3375 1130 3438 καὶ
1165 3365 1373 3457 τακήσονται
1404 3366 1452 3452 αύς
1477 3367 1582 3457 κηρὸς
1610 3365 1677 3440 ύπὸ

369 3466 558 3554 προσώπου
580 3465 689 3555 πυρὸς
703 3471 741 3538 ἐν
764 3473 875 3555 φλογί.
912 3477 930 3536 7
952 3473 1008 3536 καὶ
1027 3465 1298 3557 διασχισθήσεται
1321 3465 1341 3558 ή
1362 3474 1403 3558 γῆ
1425 3476 1541 3558 σχίσμα
1560 3465 1678 3558 ῥαγύδι

317 3572 352 3628 20
369 3575 426 3637 καὶ
446 3564 561 3638 πάντα
588 3559 650 3637 ὅσα
677 3569 769 3637 ἐστὶν
796 3570 850 3637 ἐπὶ
877 3572 940 3655 τῆς
966 3572 1026 3655 γῆς
1049 3563 1238 3652 ἀπολεῖται,
1264 3574 1320 3639 καὶ
1347 3575 1453 3656 κρίσις
1476 3571 1569 3639 ἔσται
1590 3567 1677 3638 κατὰ

370 3662 522 3737 πάντων.
559 3675 577 3738 8
599 3673 655 3736 καὶ
675 3665 760 3756 μετὰ
781 3672 855 3736 τῶν
878 3671 1019 3736 δικαίων
1039 3665 1105 3755 τήν
1126 3664 1262 3757 εἰρήνην
1279 3664 1422 3757 ποιήσει,
1444 3675 1501 3738 καὶ
1521 3672 1575 3738 ἐπὶ
1598 3667 1678 3750 τούς

457 4135 504 4200 218
521 4136 569 4190 καὶ
582 4165 615 4174 -
628 4135 732 4190 δίκαιοι
749 4144 782 4195 <
800 4137 825 4189 A
844 4137 848 4202 Ι
868 4135 886 4190 5
904 4154 954 4191 και
970 4153 1021 4191 του
1040 4135 1171 4207 ονρανου]
1195 4135 1269 4190 verb.
1287 4135 1359 4189 nach
1378 4137 1402 4190 A
1422 4138 1426 4205 1
1446 4137 1539 4192 Lfleke
1556 4139 1629 4192 nach
1646 4141 1678 4200 A,

371 4236 427 4288 erg.
445 4213 526 4284 εἶδεν,
546 4219 578 4289 ἣν
597 4215 626 4276 οἳ
643 4213 779 4289 ύγγελοιΙ
796 4220 892 4289 εδιξεν]
912 4221 986 4275 verb.
1004 4219 1025 4273 0
1042 4220 1114 4273 nach
1132 4223 1156 4273 A
1172 4221 1175 4287 1
1191 4221 1210 4276 θ
1228 4214 1390 4290 ἁγιολδγων
1406 4251 1440 4260 -
1451 4224 1501 4277 καὶ
1518 4218 1559 4288 ὼς
1576 4232 1610 4282 <
1627 4226 1651 4276 A
1673 4222 1678 4290 Ι

375 4305 389 4358 1
410 4302 578 4373 διενοούμην
595 4313 628 4364 <
644 4305 723 4373 118
741 4301 799 4374 ἐγὼ
817 4307 894 4358 λαλῶ
912 4307 945 4358 A.
957 4305 1051 4372 Meyer
1068 4303 1167 4374 εποδε]
1186 4323 1243 4374 εγω
1262 4308 1338 4359 αλλω
1355 4305 1386 4372 Ρ,
1406 4317 1438 4364 <
1456 4308 1480 4360 A
1495 4311 1499 4374 1
1514 4314 1565 4362 νῖν
1583 4317 1616 4366 <
1634 4309 1659 4360 A
1674 4307 1678 4372 1

372 4389 391 4444 θ
409 4407 477 4457 μου·
495 4390 544 4443 καὶ
561 4397 593 4448 <
606 4391 630 4442 A
646 4391 650 4458 1
667 4389 706 4444 10
724 4408 780 4456 μου
793 4388 860 4458 tilgt
870 4388 903 4454 D,
920 4389 969 4444 καὶ
980 4392 1006 4442 A
1021 4388 1026 4457 Ι
1043 4389 1079 4444 11
1099 4406 1161 4444 επει
1178 4407 1231 4459 γην
1243 4389 1275 4458 P]
1295 4383 1391 4444 ἔπειτα
1404 4389 1471 4445 oder
1483 4387 1617 4446 ἐκεῖθενθ
1635 4393 1659 4444 A
1675 4391 1679 4456 1

374 4474 410 4529 11
430 4473 642 4546 παρενβοληςΡ
658 4473 661 4540 Ι
678 4473 717 4528 18
734 4479 793 4527 τῶν
812 4470 942 4545 οὐρανῶν
960 4476 1031 4532 <A
1046 4473 1050 4540 1
1066 4471 1270 4542 πιστεύσουσιν]
1289 4475 1462 4542 πτήξουοινῖ
1481 4477 1681 4545 σεισθήσονται

372 4559 395 4611 D
412 4561 415 4626 Ι
433 4559 471 4614 14
489 4589 522 4597 -
542 4559 577 4613 1⁵
595 4563 647 4626 γῆς
660 4565 693 4616 <
710 4560 736 4611 A
752 4556 819 4627 tngt
835 4558 860 4612 D
878 4563 928 4628 γῆς
946 4563 978 4620 -1-
996 4554 1020 4608 D
1039 4559 1042 4624 1
1067 4557 1105 4614 18
1123 4565 1175 4612 τοῦ
1192 4559 1338 4630 διαρυῆναι
1356 4553 1410 4630 δρη
1427 4559 1494 4630 tilgt
1512 4557 1552 4628 ΟΙ
1573 4561 1612 4616 Ιθ
1631 4579 1680 4630 ρα-

372 4643 460 4712 γαδει]
479 4639 605 4714 ῥαγῶδες
623 4641 677 4696 Dc,
706 4641 762 4696 Das
779 4643 883 4697 museto
900 4639 1037 4714 ῥαγδαῖον
1054 4641 1238 4712 heissen120
1256 4661 1318 4699 επει
1333 4643 1338 4711 Ι
1354 4644 1391 4699 21
1411 4642 1493 4715 μετὰ]
1512 4663 1595 4714 μεγα.
