3734 5532
347 479 386 542 56
907 473 987 528 Buoh
1003 470 1129 528 Henoch.

345 662 382 705 τε
404 635 515 706 είπον·
543 629 591 716 αίς
616 633 723 706 καλὸν
750 631 791 704 τό
818 639 959 724 δένδρον
984 631 1089 706 τοῦτό
1116 637 1208 704 έστιν
1229 637 1285 704 καί
1306 627 1439 716 εὐῶδες,
1461 637 1517 700 καὶ
1540 627 1648 720 οόραῖα

345 732 389 806 τὰ
404 731 525 821 φύλλα,
547 741 603 804 καὶ
626 731 669 804 τά
691 731 781 821 ἄνθη
804 729 910 804 αότοῦ
931 729 1038 823 οόραῖα
1060 741 1103 822 τῇ
1125 727 1245 820 ὁράσει.
1272 729 1387 804 6τὸτε
1408 727 1577 819 ἀπεκρίθη
1592 758 1648 820 μοι

347 831 488 924 Μιχαῆλ,
504 829 557 922 <ό>
573 831 620 916 είς
635 839 708 904 τῶν
723 827 831 921 άγίων
846 829 1009 922 άγγέλιον,
1031 826 1069 917 ός
1089 827 1161 922 μετ’
1176 835 1257 922 ἐμοῦ
1278 822 1391 920 ἦνκαὶ
1407 826 1510 914 αέτός
1532 826 1649 902 αὐτῶν

344 929 467 1022 ἡγεῖτο,

309 1050 326 1104 5
426 1036 525 1117 XXV,
543 1045 558 1104 1
581 1036 637 1104 καί
653 1032 746 1102 είπέν
764 1055 833 1120 μοι·
858 1027 972 1120 Ἑνοόχ,
994 1041 1029 1104 τί
1050 1039 1197 1124 έρωτᾷς;
1215 1037 1273 1103 καὶ
1289 1035 1321 1100 τί
1343 1029 1535 1119 ἐθαύμασας
1554 1033 1591 1100 έν
1605 1035 1649 1117 τῇ

344 1126 430 1220 όσμῇ
460 1137 523 1202 τοῦ
553 1135 694 1218 δένδρου
722 1139 779 1202 καί
801 1129 855 1204 διά
886 1139 920 1202 τί
946 1139 1056 1216 θέλεις
1082 1131 1147 1222 τὴν
1175 1127 1339 1222 ἀλήθειαν
1359 1141 1497 1220 μαθεῖν;
1533 1125 1648 1202 2τότε

345 1226 536 1320 ἀπεκρίθην
557 1225 668 1321 αότῷ·
699 1238 777 1318 περί
798 1228 942 1304 πάντων
964 1235 1085 1304 είδέναι
1111 1239 1213 1315 θέλω,
1243 1227 1389 1320 μάλιστα
1420 1235 1456 1302 δὲ
1477 1235 1554 1318 περὶ
1585 1235 1648 1302 τοῦ

344 1334 487 1419 δένδρου
515 1327 641 1400 τούτου
667 1325 808 1416 σφόδρα
850 1339 938 1403 θκαὶ
964 1327 1134 1420 ἀπεκρίθη
1156 1337 1276 1420 λέγων·
1303 1337 1409 1402 τοῦτο
1436 1327 1478 1400 τὸ
1506 1322 1585 1416 ὄρος
1606 1327 1647 1399 τὸ

343 1423 487 1518 όψηλόν,
510 1421 550 1500 οὗ
572 1425 593 1518 ἡ
618 1427 752 1518 κορυφὴ
777 1424 876 1519 όμοία
903 1429 1046 1519 θρόνου,
1068 1435 1152 1502 θεοῦ
1172 1435 1324 1518 καθέδρα
1337 1434 1439 1512 ἐστίν,
1456 1421 1496 1500 οὗ
1517 1435 1647 1516 καθίζει

293 1543 326 1600 10
344 1523 363 1598 ό
377 1535 478 1618 μέγας
498 1526 613 1617 κύριος
628 1523 647 1600 ό
667 1521 761 1616 άγιος
776 1535 837 1620 τῆς
852 1527 960 1619 δόξης,
983 1524 1002 1602 ό
1016 1528 1168 1620 βασιλεὺς
1183 1535 1246 1602 τοῦ
1261 1533 1394 1614 αίῶνος,
1418 1521 1504 1600 όταν
1518 1535 1647 1616 καταβῇ

344 1631 589 1716 ἐπισκέψασθαι
611 1627 676 1718 τὴν
698 1634 761 1718 γῆν
782 1624 834 1700 ἐπ’
857 1624 989 1720 άγαθῷ.
1031 1637 1119 1702 λκαὶ
1142 1637 1247 1702 τοῦτο
1270 1627 1311 1700 τὸ
1334 1633 1475 1717 δένδρον
1497 1624 1647 1710 εὐωδίας,

342 1735 399 1798 καί
430 1723 565 1818 οὐδεμία
591 1725 674 1816 σὰρξ
701 1733 856 1815 έξουσίαν
882 1733 946 1818 ἔχει
967 1723 1122 1817 ἅψασθαι
1153 1725 1260 1801 αὐτοῦ
1289 1734 1383 1818 μέχρι
1414 1733 1476 1817 τῆς
1505 1725 1648 1818 μεγάλης

341 1834 489 1916 κρίσεως,
519 1830 556 1900 έν
583 1819 791 1917 ᾖέκδίκησις
811 1825 957 1902 πάντων
981 1835 1037 1902 καὶ
1068 1837 1237 1914 τελείωσις
1258 1835 1369 1918 μέχρις
1400 1833 1536 1911 αίῶνος·
1568 1824 1648 1898 τότε

342 1932 483 2010 δικαίοις
504 1933 560 1998 καί
587 1922 691 2010 όσίοις
714 1925 897 2018 δοθήσεται
923 1942 941 2002 5
965 1923 984 2000 ό
1004 1927 1134 2016 καρπός
1163 1926 1270 2001 αὐτοῦ
1300 1947 1373 2012 τοῖς
1403 1933 1572 2012 ἐκλεκτοῖς
1601 1933 1647 2012 είς

292 2047 323 2100 15
342 2023 434 2116 ζωὴν
457 2031 502 2109 είς
525 2024 639 2116 βοράν,
662 2035 718 2099 καί
743 2025 1077 2126 μεταφυτευθήσεται
1103 2031 1139 2099 έν
1161 2024 1261 2118 τόπῳ
1282 2023 1367 2118 άγίῳ
1394 2026 1486 2117 παρὰ
1516 2026 1579 2099 τόν
1601 2029 1647 2100 οί-

341 2153 404 2198 κον
426 2131 488 2197 τοῦ
510 2133 594 2198 θεοῦ
609 2134 769 2212 βασιλέως
790 2133 853 2200 τοῦ
873 2133 1011 2212 αίῶνσς·
1033 2125 1143 2202 6τότε
1159 2124 1454 2218 εὐφρανθήσονται
1469 2123 1646 2216 εὐφραινό-

340 2251 436 2312 μενοι
471 2231 526 2298 καί
561 2224 767 2316 χαρήσονται
803 2236 859 2298 καί
895 2230 942 2312 είς
976 2225 1017 2299 τό
1048 2220 1145 2316 άγιον
1175 2225 1424 2312 είςελεύσονται.
1475 2231 1508 2297 αἱ
1548 2221 1646 2314 όσμαὶ

340 2319 447 2396 αότοῦ
469 2329 506 2396 έν
521 2345 594 2410 τοῖς
616 2320 747 2410 ὀστέοις
767 2322 971 2416 αότῶνγκαὶ
994 2324 1084 2415 ζωὴν
1105 2331 1246 2398 πλείονα
1269 2325 1427 2416 ξήσονται
1448 2330 1504 2398 έπὶ
1520 2331 1588 2416 γῆς,
1604 2321 1647 2414 ἢν

342 2425 461 2514 έζησαν
484 2428 516 2496 οί
537 2432 682 2514 πατέρες
713 2451 781 2509 σου,
808 2432 863 2496 καί
889 2428 927 2496 έν
953 2444 1028 2510 ταῖς
1055 2421 1189 2515 ἡμέραις
1214 2421 1331 2496 αὐτῶν
1357 2431 1492 2515 <λῦπαι>
1513 2433 1570 2496 καί
1590 2421 1646 2514 βά-

289 2541 323 2598 20
342 2547 438 2595 σανοι
459 2531 515 2594 καί
537 2533 661 2614 πληγαὶ
682 2531 737 2596 καί
756 2521 912 2613 μάστιγες
934 2522 994 2613 οόχ
1016 2518 1165 2612 άψονται
1186 2521 1357 2598 αότῶνμῖ
1373 2523 1454 2600 τότε
1475 2520 1646 2614 ηόλόγησα

319 2621 404 2704 ,τόν
427 2623 510 2694 θεὸν
526 2629 587 2712 τῆς
606 2621 716 2714 δόξης,
739 2623 952 2708 τὸνβασιλέα
968 2629 1031 2696 τοῦ
1046 2629 1172 2709 αίῶνος
1194 2617 1231 2709 ός
1246 2620 1429 2715 ἡτοίμασεν
1447 2621 1646 2712 άνθραόποις

340 2721 384 2794 τὰ
406 2729 548 2795 τοιαῦτα
570 2729 711 2806 δικαίοις
728 2729 783 2794 καί
805 2720 892 2794 αὐτὰ
914 2727 1044 2796 ἔκτισεν
1065 2730 1121 2796 καί
1143 2725 1236 2796 είπεν
1256 2730 1374 2797 δοῦναι
1396 2721 1520 2808 αὐτοῖς.

422 2826 540 2900 XXVI,
572 2836 587 2895 1
612 2829 676 2892 Καὶ
699 2826 831 2894 ἐκεῖθεν
851 2823 1026 2909 ίφιόδευσα
1048 2827 1094 2908 είς
1115 2823 1157 2897 τὸ
1178 2830 1282 2914 μέσον
1304 2830 1364 2913 τῆς
1386 2830 1446 2914 γῆς
1473 2833 1529 2896 καί
1556 2826 1647 2896 εἶδον

340 2916 451 2992 τόπον
473 2917 712 3011 ηόλογημένον,
740 2926 779 2993 έν
800 2913 829 3012 ᾧ
853 2928 972 3011 δένδρα
998 2928 1121 3012 ἔχοντα
1146 2921 1372 3012 παραφυάδας
1397 2923 1561 3013 μενούσας
1590 2933 1644 2996 καί

288 3037 322 3094 25
338 3019 547 3110 βλαστοόσας
574 3027 637 3094 τοῦ
668 3028 808 3110 δένδρου
839 3026 1053 3106 έκκοπέντος.
1095 3020 1228 3096 ἳκάκεῖ
1252 3029 1412 3111 τεθέαμαι
1434 3017 1514 3112 ὄρος
1539 3017 1645 3114 άγιον.
1735 3087 1738 3094 .

339 3115 503 3194 όποκάτιο
534 3128 597 3194 τοῦ
629 3115 728 3210 όρους
753 3115 846 3208 ὕδωρ
868 3125 903 3209 ἐξ
928 3119 1111 3194 ἀνατολῶν
1139 3129 1195 3194 καὶ
1225 3122 1289 3211 τὴν
1319 3121 1415 3211 ῥύσιν
1444 3126 1530 3212 εἶχεν
1559 3120 1646 3212 πρὸς

339 3218 452 3294 νότον.
480 3232 498 3294 3
520 3229 575 3293 καί
598 3224 689 3294 είδον
711 3219 798 3309 πρὸς
813 3219 983 3305 ἀνατολάς
1004 3221 1089 3294 ἄλλο
1112 3215 1192 3308 όρος
1213 3218 1428 3312 ὑψηλότερον
1449 3221 1644 3294 τούτουκαὶ

338 3316 404 3394 άνά
434 3328 537 3410 μέσον
563 3317 680 3394 αότῶν
706 3318 883 3412 φάραγγαν
912 3331 1054 3406 βαθεῖαν
1083 3319 1145 3394 οόκ
1176 3325 1316 3411 ἔχουσαν
1345 3319 1486 3406 πλάτος,
1516 3328 1573 3393 καὶ
1603 3317 1644 3394 δι’

338 3415 443 3511 αότῆς
473 3415 564 3510 όδανρ
594 3420 772 3510 πορεύεται
798 3418 962 3494 όποκάται
992 3417 1060 3494 όπό
1087 3420 1128 3494 τὸ
1156 3414 1243 3510 όρος.
1290 3434 1310 3494 4
1332 3429 1389 3493 καί
1413 3422 1500 3508 πρὸς
1522 3420 1645 3510 δυσμὰς

287 3544 322 3600 30
338 3518 466 3594 τούτου
480 3520 564 3594 ἄλλο
580 3514 660 3610 δρας
674 3518 918 3610 ταπεινότερον
934 3517 1109 3592 αὐτοῦκαὶ
1124 3517 1187 3593 οόκ
1202 3525 1279 3610 έχον
1293 3515 1382 3608 όψος
1396 3528 1452 3592 καὶ
1468 3518 1645 3611 φάραγγαν

337 3630 478 3707 βαθεῖαν
507 3628 563 3692 καὶ
593 3620 697 3712 ξηράν
719 3617 907 3711 άνὰμέσον
932 3616 1126 3708 αὐτῶνκαὶ
1156 3619 1265 3711 ἄλλην
1295 3618 1473 3710 φάραγγαν
1502 3629 1644 3705 βαθεῖαν

408 4403 426 4460 ’ί
442 4408 598 4475 απεκρειθη
610 4405 632 4460 Ρ
648 4405 652 4466 Ι
666 4398 750 4474 Ἐνδγ
762 4403 854 4476 λέγων
865 4411 899 4470 -Ι-
910 4409 936 4460 Δ
951 4407 955 4472 Ι
970 4405 989 4461 9
1004 4407 1129 4473 καθειζει
1142 4404 1163 4458 Ρ
1178 4405 1325 4462 καθίσειῦ
1340 4406 1344 4472 Ι
1362 4403 1399 4460 13
1413 4400 1444 4460 ἐν
1455 4394 1472 4474 ᾖ
1484 4405 1517 4475 1)]
1534 4421 1560 4460 ει
1572 4424 1589 4474 η
1601 4404 1623 4458 Ρ

336 4491 518 4553 κατελειοισις
535 4489 556 4542 Ρ
570 4491 575 4552 Ι
593 4490 629 4546 15
646 4489 697 4544 καί
714 4486 754 4553 είς
765 4491 880 4560 βορρᾶν
891 4489 925 4559 ΔΙ
943 4487 983 4553 είς
994 4483 1088 4558 βοράν
1106 4489 1212 4544 εαΙιείυΙ
1229 4507 1263 4544 τυ
1280 4488 1369 4558 tilgen
1387 4489 1426 4556 (εα
1444 4489 1516 4544 auch
1532 4488 1618 4557 Diels)
1638 4493 1641 4543 Ι

339 4575 376 4631 16
385 4576 518 4644 βασιλευς
527 4573 552 4628 Ρ
560 4574 633 4630 viell.
645 4578 723 4642 uois·
731 4571 874 4646 βασιλέως
887 4579 892 4640 Ι
909 4564 1076 4640 18τίσ11αῆΙ
1084 4563 1119 4642 ἢν
1132 4578 1137 4638 Ι
1154 4574 1192 4630 19
1201 4577 1286 4630 λῦπαι
1296 4575 1437 4638 -Ι-αεαΙιΔ
1452 4577 1456 4638 Ι
1472 4573 1511 4630 26
1520 4567 1641 4641 δόσινΔΙ

336 4661 416 4714 δυσιν
432 4658 454 4713 Ρ
470 4661 474 4726 Ι
490 4659 529 4716 28
547 4651 642 4714 αὐτῶν
660 4659 694 4727 Δ]
715 4675 803 4714 αιτου
821 4657 842 4712 Ρ
858 4661 862 4725 Ι
878 4657 915 4714 31
935 4687 968 4698 -
987 4659 1012 4714 S.
1030 4660 1071 4724 58,
1088 4663 1102 4714 1
1122 4661 1245 4729 βαθεῖαν
1260 4660 1308 4714 καί
1326 4653 1426 4730 ξηράν]
1448 4652 1495 4713 ὕει’
1513 4651 1590 4732 αότῷ
1608 4661 1641 4714 Δ.
