3734 5532
345 513 384 572 44
909 503 985 557 Buoh
1002 504 1125 558 Henoch.

427 671 511 750 XVI,
529 679 544 737 1
569 662 636 738 ἀπὸ
656 662 781 756 ἡμέρας
800 671 929 754 σφαγῆς
950 672 1005 737 καί
1028 661 1199 746 ἀπωλείας
1220 670 1275 734 καί
1297 658 1455 735 θανάτου
1476 669 1655 753 Ναφηλεὶμ

344 765 387 836 τὰ
418 765 594 856 πνεύματα
624 761 874 854 έκπορεοόμενα
904 769 941 834 ἐκ
967 771 1029 853 τῆς
1055 771 1162 854 ψυχῆς
1187 771 1247 854 τῆς
1274 761 1397 853 σαρκός
1425 758 1542 833 αὐτῶν
1562 764 1655 833 ἔσται

345 860 558 952 ἀφανίζοντα
573 873 676 955 χωρὶς
690 875 840 955 κρίσεως.
880 857 990 947 οὕτως
1005 860 1227 951 ἀφανίσουσιν
1244 869 1355 954 μέχρις
1376 859 1500 952 ἡμέρας
1521 861 1655 933 τελειώ-

345 989 431 1048 σεως
446 971 507 1054 τῆς
521 971 717 1056 κρίσεως
676 994 737 1055 της
751 961 904 1054 μεγάλης,
920 956 990 1034 έν
971 993 991 1052 η
1008 993 1027 1035 ο
1018 958 1165 1034 “αίών’
1146 993 1165 1034 ο
1179 968 1279 1052 μέγας
1295 959 1542 1051 τελεσθήσεται
1565 975 1583 1034 2
1599 970 1655 1033 καὶ

311 1079 327 1133 5
345 1093 409 1136 νυν
418 1061 613 1154 έχρηγοροις
624 1082 697 1146 τοῖς
706 1071 876 1153 πεμφασίν
886 1085 921 1134 σε
931 1067 1096 1152 ἐρωτησαι
1105 1069 1182 1151 περι
1198 1058 1317 1133 αάτῶν
1329 1065 1453 1144 οίτινες
1468 1057 1560 1132 ἐν’
1519 1069 1653 1151 ουρανῷ

344 1156 442 1253 ἦσαν·
489 1175 508 1236 3
530 1161 621 1254 ομεῑς
643 1168 680 1235 έν
707 1171 757 1253 τῷ
781 1159 914 1252 οάρανῷ
942 1165 1011 1251 ι’]τε,
1038 1169 1093 1232 καί
1114 1168 1185 1234 πᾶν
1206 1158 1391 1251 μυστήριον
1413 1189 1431 1230 ο
1454 1156 1516 1230 οάκ
1537 1157 1655 1230 ἀνεκα·

319 1261 463 1382 λάφθη
485 1261 575 1352 άμῑν,
598 1271 654 1334 καὶ
675 1259 859 1352 μυστήριον
881 1261 922 1334 τὸ
944 1266 982 1332 ἐκ
1004 1269 1066 1333 τοῦ
1088 1267 1172 1333 θεοῦ
1194 1261 1454 1350 γεγενημένον’
1439 1287 1576 1348 εγνωτε,
1598 1268 1655 1332 καὶ

345 1371 449 1434 τοῦτο
472 1361 657 1452 ἐμηνύσατε
678 1380 752 1445 ταῖς
777 1369 929 1451 γυναιξίν
951 1365 987 1433 ἐν
1010 1380 1083 1443 ταῖς
1104 1356 1425 1448 σκληχιοκαράίαιςε
1403 1367 1509 1448 υμῶν,
1540 1366 1596 1430 καὶ
1618 1363 1654 1430 ἐν

344 1491 395 1552 τῳ
377 1464 601 1553 ’μυστηρίῳ
598 1460 713 1550 τούτῳ
728 1459 965 1551 πληθύνουσιν
980 1464 1014 1532 αὶ
1027 1458 1163 1549 θήλειαι
1177 1467 1232 1530 καὶ
1249 1463 1280 1530 οί
1296 1458 1480 1548 ἄνθρωποι
1502 1459 1546 1530 τὰ
1566 1458 1653 1530 κακὰ

293 1573 327 1627 10
344 1567 399 1635 ἐπὶ
421 1569 482 1652 τῆς
504 1568 572 1650 γῆς
614 1574 632 1632 4
656 1552 815 1632 εἷπον
775 1588 838 1630 ουν
860 1556 988 1642 αὐτοῖς
1011 1556 1072 1631 οάκ
1094 1562 1185 1630 ἔστιν
1207 1555 1329 1648 εἰρήνη.

426 1665 526 1746 XVII,
555 1673 570 1732 1
606 1667 669 1730 Καὶ
699 1656 955 1747 παραλαβόντες
983 1687 1023 1746 με
1050 1663 1096 1741 είς
1123 1685 1200 1728 τινα
1222 1657 1333 1730 τόπον
1354 1653 1540 1747 ἀπήγαγον,
1564 1649 1649 1728 ἐν
1623 1688 1651 1748 ῳ

344 1754 416 1834 ol*
396 1790 493 1842 οντες
515 1765 584 1830 έκετ
603 1755 809 1848 γίν“ονται
780 1789 828 1840 ως
849 1765 917 1848 πῦρ
940 1763 1069 1847 φλέγον
1090 1766 1154 1841 καί,
1178 1751 1264 1828 ὅταν
1285 1764 1446 1841 θέλωσιν,
1470 1731 1653 1843 φαίνοντάι

344 1857 423 1931 οίσεί
445 1858 635 1947 ἄνθρωποι.
678 1870 697 1930 λ
719 1853 818 1930 καὶ
797 1855 973 1948 απήγαγόν
994 1884 1034 1945 με
1056 1863 1102 1940 είς
1125 1859 1262 1946 ζοφώδη
1284 1853 1396 1928 τόπον
1417 1864 1473 1926 καί
1495 1849 1583 1940 είς”
1562 1884 1651 1944 ορος,

344 1951 384 2030 οὗ
416 1957 437 2049 ἡ
468 1957 598 2048 κεφαλὴ
628 1953 805 2045 ἀφικνεῖτο
837 1961 883 2038 είς
910 1955 973 2028 τόν
1000 1954 1156 2045 οὐρανόν.
1204 1967 1223 2028 3
1249 1961 1305 2026 καὶ
1332 1958 1424 2026 είάον
1446 1953 1557 2027 τόπον
1580 1963 1653 2027 τῶν

293 2077 326 2132 15
344 2056 540 2148 φωστήρων
568 2063 624 2128 καὶ
651 2057 732 2178 τοούς
761 2059 953 2147 θησαυροὺς
974 2063 1048 2127 τῶν
1070 2052 1223 2143 ἀστέρων
1244 2062 1299 2125 καί
1322 2063 1395 2126 τῶν
1416 2063 1577 2176 βροντῶν
1596 2062 1653 2124 καὶ

345 2164 390 2242 εἰς
405 2157 467 2230 τάί
482 2151 701 2280 αεροβαθη,ο
682 2185 771 2228 οπου
785 2153 889 2243 τόξον
903 2153 1009 2246 πυρὸς
1024 2163 1080 2226 καί
1095 2185 1138 2227 τα
1123 2156 1241 2243 βέλη,
1256 2161 1309 2224 καί
1326 2153 1387 2235 τὰς
1402 2150 1512 2243 θήκας
1534 2149 1652 2225 αὐτῶν

343 2258 477 2340 καὶτὰς
501 2254 675 2342 ἀστραπὰς
695 2253 814 2338 πάσας.
852 2269 871 2326 4
893 2249 991 2325 κάλ’
971 2251 1148 2344 σπη’γαγόν
1168 2281 1208 2343 με
1230 2260 1324 2342 μέχρι
1344 2249 1484 2324 ἀβάτων
1506 2251 1651 2340 ζεόντων

343 2364 398 2428 καὶ
424 2363 518 2446 μέχρι
544 2353 651 2474 πυρὸς
677 2354 859 2440 δάσεως,ο
844 2348 975 2426 οέστιν
995 2360 1051 2424 καὶ
1073 2359 1222 2474 παρέχον
1243 2349 1353 2436 πάσας
1375 2353 1437 2435 τὰς
1459 2349 1568 2434 δόσεις
1589 2359 1652 2425 τοῦ

344 2453 450 2546 ἡλίου.
487 2463 576 2527 5καί
591 2453 743 2544 ἤλθομεν
764 2461 858 2544 μέχρι
878 2459 1036 2542 ποταμοῦ
1057 2451 1173 2542 πυρός,
1195 2444 1279 2522 ἐνῖ
1253 2482 1282 2542 ῳ
1302 2457 1498 2540 κατατρέχει
1520 2451 1562 2524 τό
1583 2457 1651 2542 πῦρ

292 2573 326 2628 20
345 2585 392 2638 ως
406 2548 499 2642 ὕδωρ
521 2563 577 2625 καί
600 2557 667 2644 ῥέει
688 2560 734 2638 εἰς
755 2551 932 2626 θάλασσαν
951 2549 1099 2642 μεγάλην
1119 2550 1254 2634 δόσεως.
1297 2563 1316 2624 6
1339 2553 1431 2622 είάον
1453 2550 1533 2634 τούς
1552 2548 1650 2641 μεγά-

332 2755 378 2815 “τά
400 2757 548 2826 πνεύματα
565 2755 599 2813 τά
620 2753 834 2830 ἐκπορευόμενα
852 2753 910 2814 ἀπὸ
933 2761 982 2824 τῆς
1007 2761 1099 2826 ψυχῆς
1116 2752 1210 2810 αίπΐον
1227 2749 1268 2820 ὼς
1285 2750 1317 2810 ἐκ
1333 2760 1383 2823 τῆς
1405 2753 1510 2828 σαρκὸς
1536 2749 1650 2811 ἔσονται

343 2841 519 2914 ἀφανίζοντα
535 2843 622 2914 χωρίς
638 2843 765 2915 κρίσεως.
804 2835 894 2906 οίίτως
911 2837 1081 2911 ἀφανίσοασι
1105 2838 1189 2911 μέχρι
1209 2837 1317 2912 ἡμέρας
1333 2845 1382 2908 τῆς
1398 2836 1577 2906 τελειώσεως,
1596 2833 1650 2904 ἕως

342 2933 392 2996 τῆς
408 2929 527 3000 κρίσεως
544 2932 593 2996 τῆς
620 2925 753 2996 μεγάλης,
769 2922 807 2982 έν
824 2915 842 2996 ἦ
861 2921 877 2981 ὁ
896 2921 969 2981 αἰὼν
987 2921 1004 2978 ά
1021 2921 1112 2994 μέγας
1128 2925 1339 2994 τελεσθήσεται,
1358 2917 1403 2994 ἐφ’
1420 2918 1499 2990 άπαξ
1516 2921 1590 2994 ὁμοῦ
1607 2942 1649 2980 τε·

343 3014 519 3082 λεσθήσεται.

427 3097 485 3151 Καὶ
511 3087 605 3160 αὖθις
632 3093 746 3166 περίδὲ
763 3101 815 3149 τοῦ
832 3087 924 3163 ὄρους,
951 3081 1023 3148 έν
1001 3113 1024 3166 ῳ
1043 3083 1163 3160 ὤμοσαν
1186 3093 1235 3147 καί
1261 3089 1473 3160 ἀνεθεμάτισαν
1500 3091 1572 3164 πρὸς
1598 3091 1648 3149 τὸν

342 3181 461 3248 πλησίον
479 3176 580 3244 αὐτῶν,
599 3173 642 3235 ὅτι
660 3177 701 3244 είς
720 3176 771 3234 τὸν
790 3175 881 3233 αἰῶνα
900 3173 934 3233 οὐ
956 3178 995 3245 μή
1016 3173 1166 3246 ἀποστῇ’
1150 3195 1190 3232 απ
1191 3171 1307 3232 ἀὐτοῦ
1328 3183 1420 3248 ψῦχος
1440 3178 1490 3232 καί
1508 3173 1580 3247 χιὼν
1600 3179 1649 3232 καί

341 3262 442 3335 πάχνη,
460 3265 510 3320 καί
526 3263 629 3336 δρόσος
646 3260 681 3318 οὐ
697 3264 736 3332 μή
754 3266 865 3335 καταβῇ
883 3260 923 3328 εἰς
935 3259 1013 3326 αίπά,
1026 3258 1054 3316 εἰ
1069 3263 1107 3330 μὴ
1121 3259 1162 3326 εἰς
1172 3260 1301 3334 κατάραν
1312 3263 1502 3334 καταβήσεται
1514 3255 1558 3316 ἐπ’
1570 3259 1647 3326 αὐτά,

340 3349 439 3422 μέχρις
450 3347 558 3419 ἡμέρας
574 3348 694 3420 κρίσεως
704 3353 754 3416 τῆς
765 3347 898 3418 μεγάλης.
922 3343 953 3402 έν
964 3353 1004 3419 τῷ
1014 3351 1105 3418 καιρῷ
1117 3341 1216 3420 έκείνῳ
1233 3347 1481 3414 κατακαυθήσεται
1492 3347 1542 3400 καί
1553 3361 1647 3401 ταπει-

340 3435 501 3503 νωθήσεται
518 3434 566 3488 καί
584 3426 662 3488 ἔσται
688 3431 917 3500 κατακαιάμενον
942 3433 992 3487 καί
1016 3429 1176 3499 τηκόμενον
1193 3426 1234 3495 ὼς
1250 3429 1337 3501 κηρὸς
1354 3426 1412 3486 ἀπὸ
1431 3429 1531 3502 πυρός·
1559 3423 1648 3494 οὕτως

339 3519 549 3587 κατακαήσεται
567 3517 633 3588 περί
649 3514 765 3572 πάντων
782 3522 840 3571 τῶν
866 3510 959 3587 ἔργων
985 3513 1081 3571 αὐτοῦ.
1125 3516 1174 3570 καί
1191 3521 1242 3570 νῦν
1260 3511 1318 3584 ἐγὼ
1335 3511 1408 3584 λέγω
1427 3509 1493 3582 ὑμῖν
1510 3509 1581 3579 υίοῖς
1599 3511 1646 3569 ἀν-

339 3599 479 3673 θρώπων·
499 3599 569 3674 ἀργή
588 3599 697 3670 μεγάλη
715 3594 783 3656 καθ’
800 3595 889 3669 ὑμῶν,
906 3597 980 3656 κατά
998 3605 1056 3655 τῶν
1069 3593 1138 3653 νίῶν
1155 3593 1243 3667 ὑμῶν,
1262 3601 1311 3653 καί
1330 3596 1365 3654 οά
1382 3597 1522 3654 παύσεται
1538 3597 1556 3667 ἡ
1575 3595 1645 3670 ἀργή

340 3680 411 3754 αὕτη
429 3679 477 3756 ἀφ’
490 3681 570 3754 ὑμῶν
588 3684 671 3757 μέχρι
688 3692 791 3758 καιροῦ
809 3691 919 3756 σφαγῆς
934 3690 993 3740 τῶν
1004 3679 1074 3738 υἱῶν
1086 3678 1174 3750 ὑμῶν.
1203 3683 1252 3738 καί
1264 3679 1438 3739 ἀπολοῦνται
1456 3679 1485 3738 οί
1502 3680 1646 3753 ἀγαπητοί

340 3765 419 3838 ὑμῶν
436 3772 485 3826 καί
503 3767 719 3826 ἀποθανοῦνται
737 3765 765 3824 οί
783 3763 891 3838 ἔντιμοι
908 3763 988 3838 ὑμῶν
1005 3765 1063 3824 ἀπὸ
1081 3765 1172 3837 πάσης
1189 3772 1239 3836 τῆς
1255 3773 1313 3838 γῆς,
1332 3761 1376 3822 ὅτι
1393 3773 1483 3822 πᾶσαι
1501 3763 1531 3822 αί
1543 3764 1646 3839 ἡμέραι

338 3860 389 3924 τῆς
406 3855 479 3923 ζωῆς
496 3852 590 3909 αὐτῶν
609 3851 666 3911 ἀπὸ
685 3861 736 3910 τοῦ
753 3861 804 3909 νῦν
823 3853 857 3910 οά
873 3856 911 3923 μή
931 3847 1045 3910 ἔσονται
1062 3855 1150 3910 πλείω
1166 3857 1224 3908 τῶν
1236 3846 1339 3906 ἑκατὸν
1357 3845 1464 3906 εὔιοσιν
1482 3847 1562 3906 ἐτῶν.
1597 3852 1646 3906 καί

339 3939 377 4009 μή
390 3938 489 4008 δόξητε
508 3933 548 3994 ἔτι
566 3941 648 4007 ζῆσαι
666 3935 712 3994 έπί
729 3940 816 3995 πλείω
835 3931 891 4008 έτη.
921 3936 956 3994 οὐ
973 3937 1028 4010 γάρ
1047 3932 1122 3994 ἔστιν
1140 3930 1184 3993 ἐπ’
1196 3933 1292 4000 αίποΐς
1308 3941 1386 3991 πᾶσα
1406 3931 1471 4000 ὁδὸς
1488 3931 1646 4005 ἐκφείξεως

422 4141 520 4196 XVII
543 4142 576 4197 cf.
600 4141 758 4196 Ιιυοίεοίίοε
781 4143 846 4196 Inst.
870 4142 954 4198 1115.
981 4171 1014 4180 -
1040 4139 1139 4197 XVI3
1162 4139 1195 4194 ef.
1215 4137 1340 4194 clemens
1363 4137 1440 4194 Alex.
1468 4137 1566 4193 Strom.
1586 4135 1643 4191 Vl

338 4227 452 4282 Hermes
471 4225 543 4296 apud
562 4227 593 4282 G.
612 4227 770 4296 Syncellum
788 4243 814 4296 p.
834 4226 865 4280 13
884 4225 958 4281 Goar
974 4243 1000 4296 p.
1019 4227 1053 4280 24
1069 4223 1151 4279 Dind.

424 4431 439 4484 1
455 4429 614 4500 Ναφηλείμ]
627 4429 743 4498 αφωνΡ
756 4429 811 4498 vgl.
824 4431 848 4482 A
860 4427 939 4497 Syna.
952 4419 1001 4498 ἀφ’
1013 4415 1055 4482 ὧν
1066 4426 1135 4482 Εάά.
1151 4428 1155 4495 1
1170 4419 1258 4490 4έως
1268 4431 1318 4494 τῆς
1334 4425 1457 4495 κρίσεως
1469 4423 1520 4478 mit
1531 4423 1640 4493 Syn0.?}

338 4517 356 4572 6
371 4503 492 4585 άίίίςιῦ
508 4517 512 4583 Ι
526 4509 712 4585 ίμοστήριον
723 4508 757 4568 τά
771 4509 1032 4582 έξοοθενημένονθ
1047 4513 1051 4580 Ι
1068 4512 1107 4568 14
1124 4527 1263 4580 αφικνντο
1280 4511 1283 4576 Ι
1301 4511 1338 4567 15
1351 4525 1483 4580 αστερων
1491 4509 1522 4578 Ρ]
1536 4502 1642 4580 ἀστρα-

337 4605 400 4654 πῶν
413 4600 517 4655 Usener
532 4601 536 4668 Ι
551 4601 600 4654 καί
618 4627 651 4638 -
669 4591 803 4666 ἀστέρων
819 4609 851 4656 <
865 4599 889 4650 Α
904 4597 908 4664 Ι
925 4597 963 4653 16
978 4595 1050 4651 viell.
1062 4592 1104 4659 εἰς
1119 4589 1155 4651 τά
1169 4587 1352 4666 ἀκρω<τήρια
1371 4585 1420 4662 τά)
1438 4586 1516 4666 βάθη
1534 4593 1642 4646 ααολιΔ

337 4683 378 4749 εἰς
394 4680 430 4740 τά
450 4677 603 4756 ἀκροβαθῆ
622 4681 696 4736 Diels
712 4687 715 4748 Ι
733 4682 771 4738 18
788 4679 924 4750 περιέχον
935 4680 977 4735 Δί
995 4680 1070 4736 wohl
1087 4679 1195 4748 richtig.
