3734 5532
352 461 391 524 38
885 454 962 508 Bueh
979 454 1101 510 Honosh.

351 607 464 698 οῦτως
476 623 532 688 καί
546 620 616 704 ἐμὲ)
627 614 959 688 ἔκτισενκαίέδωκεν
972 621 1169 706 ἐλέγζασθαι
1185 614 1388 706 ἐγρηγύρους
1398 615 1478 697 τοῦς
1488 614 1579 698 υίοῦς
1594 620 1657 686 τοῦ

351 712 508 806 ούρανοῦ.
528 717 624 804 λέγω
635 715 699 805 τῆν
707 715 875 805 ἐρῶτηοιν
883 713 979 804 ὁμῶν
989 723 1073 803 [τῶν
1082 711 1247 806 ἀγγέλων]
1258 719 1388 804 ἔγραφα
1398 721 1453 785 καί
1468 720 1506 786 ἐν
1521 721 1563 802 τῇ
1578 709 1654 803 ὁρά-

352 838 476 904 σειμου
490 821 594 886 τοῦτο
610 817 743 906 ἐδείχθη
755 823 810 886 καί
825 807 904 886 οὔτε
919 813 1113 906 ῆέρῶτησις
1127 813 1225 906 ὁμῶν
1235 820 1426 905 παρεδέχθη
1450 843 1469 876 ν
1492 843 1510 876 s
1532 841 1551 874 τ
1573 818 1657 887 5ίνα

351 920 469 1004 μηκέτι
484 917 530 998 είς
554 913 617 986 τὸν
636 912 784 1004 σύρανὸν
805 911 952 1004 άναβῆτε
973 920 1028 986 ἐπὶ
1049 913 1180 998 πάντας
1202 915 1282 998 τούς
1303 921 1429 998 αἰῶνας
1449 925 1506 986 καὶ
1527 919 1565 984 ἐν
1586 933 1657 996 τοῖς

318 1030 335 1084 5
353 1019 484 1104 δεσμοῖς
498 1021 559 1104 τῆς
576 1021 636 1104 γῆς
657 1019 779 1104 ἐρρέθη
802 1021 898 1104 δῆσαι
918 1012 1003 1100 ῦμῦς
1021 1021 1068 1098 είς
1089 1012 1200 1098 πάσας
1221 1015 1281 1098 τὰς
1302 1014 1418 1104 γενεὰς
1440 1021 1503 1086 τοῦ
1524 1020 1655 1096 αίῶνος.

353 1117 442 1186 6καί
457 1117 513 1185 ίνα
527 1119 609 1204 πρὶν
622 1113 760 1186 τούτων
774 1119 866 1203 ίδητε
884 1113 949 1204 τῆν
967 1110 1142 1188 άπῶλειαν
1164 1121 1239 1185 τῶν
1258 1117 1343 1186 υίῶν
1364 1109 1461 1204 ῦμῶν
1483 1123 1557 1186 τῶν
1579 1111 1655 1203 ύγα-

352 1219 489 1301 πητῶν,
516 1219 571 1284 καὶ
598 1206 653 1284 ὁτι
680 1209 742 1286 οῦκ
764 1218 856 1286 ἔσται
877 1210 956 1302 ύμῖν
976 1207 1090 1303 ὄνησις
1112 1211 1238 1298 αύτῶν,
1261 1209 1348 1284 άλλά
1365 1220 1554 1286 πεσοῦνται
1574 1213 1655 1284 ἐνῶ-

352 1341 435 1384 πιον
449 1309 545 1402 ύμῶν
559 1317 762 1403 ἐν’μαχαίρᾳ.
799 1310 923 1404 ’ίκαὶῆ
943 1314 1105 1403 ἐρῶτησις
1127 1310 1224 1402 ύμῶν
1244 1319 1321 1401 περὶ
1342 1309 1460 1386 αύτῶν
1482 1311 1544 1384 οῦκ
1564 1315 1656 1384 ἔσται

354 1407 431 1484 οῦδὲ
461 1419 537 1500 περὶ
563 1408 660 1502 ῦμῶν
681 1419 737 1482 καί
758 1408 849 1502 ύμεῖς
876 1418 1052 1504 κλαίοντες
1078 1419 1133 1484 καί
1155 1409 1308 1501 δεόμενοι
1328 1419 1385 1482 καὶ
1405 1412 1450 1502 μῆ
1474 1418 1658 1494 λαλοῦντες

304 1531 338 1587 10
354 1518 424 1584 πᾶν
447 1513 534 1600 ῥῆμα
557 1508 625 1584 άπὸ
648 1518 709 1602 τῆς
729 1519 870 1602 γραφῆς,
893 1505 933 1602 ῆς
956 1516 1091 1602 ἔγραψα.
1127 1522 1145 1584 8
1167 1519 1222 1582 καί
1242 1515 1315 1600 ἐμοί
1337 1507 1389 1598 ἐφ’
1412 1507 1525 1600 ὁράσει
1547 1503 1658 1594 οῦτως

355 1613 503 1698 ἐδείχθη·
525 1611 599 1682 ίδοῦ
618 1619 754 1699 νεφέλαι
776 1617 813 1684 ἐν
835 1620 877 1701 τῆ
899 1608 1014 1701 ὁράσει
1035 1608 1180 1684 ἐκάλουν
1200 1617 1255 1682 καί
1278 1605 1411 1700 ὁμίχλαι
1431 1638 1471 1698 με
1490 1610 1658 1698 ἐφῶνουν,

355 1717 411 1780 καί
427 1715 601 1800 διαδρομαὶ
617 1718 690 1784 τῶν
710 1706 865 1802 άστέρων
886 1717 941 1782 καί
963 1709 1133 1798 άστραπαί
1152 1739 1192 1798 με
1213 1708 1488 1798 κατεσπσύδαζον
1508 1714 1565 1782 καί
1586 1714 1659 1780 ἐθο-

355 1807 499 1896 ρύβαζὸν
515 1839 555 1898 με
569 1817 625 1881 καὶ
640 1810 757 1900 ἄνεμοι
772 1817 809 1882 ἐν
825 1819 866 1900 τῆ
883 1807 996 1900 ὁράσει
1011 1807 1214 1896 ἐξεπέτασάν
1234 1837 1274 1898 με
1295 1816 1351 1880 καὶ
1373 1807 1503 1900 ἐπῆράν
1525 1838 1565 1897 με
1586 1809 1658 1882 άνω

355 1914 410 1980 καὶ
433 1906 624 1998 είςῆνεγκάν
641 1937 680 1999 με
697 1916 743 1994 είς
759 1908 822 1982 τὸν
844 1908 1001 1999 ούρανόν,
1025 1921 1043 1982 9
1065 1915 1119 1979 καὶ
1142 1915 1301 1998 είςῆλθον
1322 1915 1433 1998 μέχρις
1456 1907 1573 1999 ῆχγισα
1595 1917 1659 1980 τεί-

306 2027 339 2082 15
353 2035 436 2096 χους
457 2013 636 2098 οἰκοδομῆς
658 2014 695 2081 έν
716 2017 829 2092 λίθοις
849 2007 1003 2099 χαλάζης,
1025 2016 1080 2079 καὶ
1102 2015 1249 2097 γλῶσσαι
1269 2006 1376 2094 πυρὸς
1395 2007 1511 2098 κύκλῳ
1533 2005 1660 2094 αύτῶν,

355 2114 409 2178 καί
420 2105 567 2198 ῆρξαντο
577 2112 735 2195 ἐκφοβεῖν
744 2139 792 2198 με.
817 2121 853 2181 10
862 2117 917 2181 καί
928 2115 1090 2198 εἰσῆλθον
1104 2114 1151 2190 είς
1167 2107 1227 2190 τὰς
1241 2107 1394 2196 γλῶσσας
1409 2114 1472 2180 τοῦ
1485 2107 1592 2195 πυρὸς
1606 2114 1661 2178 καὶ

357 2204 474 2296 ῆγγισα
489 2212 536 2290 είς
552 2207 648 2280 οίκσν
662 2217 766 2297 μέγαν
780 2212 1046 2299 οἰκοδομημένου
1060 2212 1097 2278 ἐν
1112 2217 1224 2290 λίθοις
1243 2204 1399 2296 χαλάζης,
1420 2214 1476 2278 καὶ
1499 2209 1530 2278 οί
1552 2226 1661 2296 τοῖχοι

357 2312 420 2376 τοῦ
433 2310 530 2378 οίκου
546 2303 594 2388 ῶς
609 2306 826 2392 λιθύπλακες,
847 2315 903 2378 καί
918 2315 1023 2380 πᾶσαι
1038 2299 1122 2397 ῆσαν
1137 2311 1174 2378 ἐκ
1186 2304 1301 2395 χιόνος
1315 2315 1371 2377 καί
1392 2303 1500 2396 ἐδάφη
1520 2303 1660 2394 χιονικά

360 2419 395 2478 11
419 2412 474 2476 καί
505 2410 538 2478 αί
568 2413 681 2496 στέγαι
712 2404 760 2490 ῶς
789 2411 965 2497 διαδρομαὶ
1002 2403 1154 2495 άστέρων
1183 2412 1237 2477 καὶ
1264 2401 1433 2492 άστραπαί
1459 2413 1516 2476 καὶ
1537 2403 1661 2494 μεταξῦ

307 2523 341 2578 20
358 2501 475 2578 αύτῶν
488 2513 643 2594 χερουβίν
657 2505 783 2596 πύρινα
797 2513 853 2578 καί
872 2501 891 2578 ὁ
907 2503 1051 2594 ούρανὸς
1066 2503 1183 2578 αύτῶν
1198 2499 1298 2596 ῦδωρ,
1324 2517 1361 2576 12
1383 2514 1439 2576 καὶ
1459 2511 1527 2593 πῦρ
1542 2499 1662 2594 φλεγύ-

357 2633 462 2692 μενον
495 2603 608 2696 κύκλῳ
643 2613 717 2676 τῶν
748 2614 876 2694 τοίχων
908 2611 963 2676 καὶ
989 2603 1093 2693 θύραι
1127 2612 1207 2693 πυρὶ
1242 2603 1424 2692 καιόμεναι.
1484 2616 1521 2678 13
1557 2609 1662 2694 είςῆλ-

359 2715 426 2776 θον
449 2709 495 2787 είς
516 2703 580 2776 τὸν
601 2705 698 2777 οίκον
718 2710 859 2790 ἐκεῖνον,
882 2703 1011 2795 θερμὸν
1034 2701 1083 2788 ῶς
1103 2710 1171 2792 πῦρ
1192 2711 1247 2776 καί
1269 2701 1401 2794 ψυχρὸν
1422 2701 1470 2787 ῶς
1489 2703 1585 2794 χιῶν,
1607 2708 1662 2774 καὶ

359 2809 450 2878 πᾶσα
481 2802 591 2894 τρνφῆ
623 2809 712 2894 ζωῆς
733 2800 795 2876 οῦκ
821 2797 863 2894 ῆν
883 2809 921 2874 ἐν
942 2801 1045 2895 αύτῷ.
1081 2800 1187 2891 φόβος
1208 2831 1248 2894 με
1269 2801 1439 2890 ἐκάλυψεν
1459 2812 1516 2875 καὶ
1537 2799 1663 2894 τρύμος

359 2931 398 2993 με
427 2912 554 2988 ἐλαβεν,
610 2915 646 2974 14
672 2911 728 2974 καὶ
759 2901 848 2993 ῆμην
877 2902 1047 2991 σειόμενος
1068 2912 1125 2975 καὶ
1151 2909 1285 2994 τρέμων
1306 2910 1361 2974 καὶ
1384 2907 1505 2976 ἔπεσον
1531 2909 1594 2990 <είς
1620 2902 1661 2974 τὸ

308 3025 342 3080 25
359 3000 547 3092 πρόσωπόν
582 3030 647 3092 μου
682 3007 753 3090 καὶ>
789 3003 962 3091 ἐθεῶρουν
997 3009 1035 3075 ἐν
1071 3011 1113 3092 τῆ
1147 2997 1260 3094 ὁράσει
1294 3031 1367 3092 μου.
1425 3015 1462 3074 15
1498 3009 1553 3073 καὶ
1588 3001 1663 3074 ίδοῦ

359 3101 446 3192 άλλη
466 3100 555 3191 θύρα
577 3098 772 3192 ἀνεῳγμένη
793 3107 974 3174 κατέναντί
995 3131 1060 3192 μου
1080 3109 1136 3172 καί
1157 3097 1176 3174 ὁ
1199 3102 1293 3187 οίκος
1313 3110 1438 3192 μείζων
1459 3099 1586 3173 τούτου
1607 3107 1662 3172 καί

360 3195 441 3285 ὅλος
462 3207 725 3291 οίκσδσμημένος
739 3206 776 3274 ἐν
790 3202 957 3291 γλῶσσαις
978 3199 1085 3291 πυρὸς
1110 3213 1146 3274 16
1165 3209 1220 3272 καὶ
1235 3195 1316 3284 ὅλος
1337 3207 1510 3290 διαφέρων
1528 3206 1565 3272 έν
1581 3199 1661 3290 δύξη

358 3309 414 3374 καὶ
440 3305 478 3374 ἐν
500 3309 577 3390 τιμῆ
606 3309 659 3372 καί
683 3306 721 3372 ἐν
745 3299 964 3391 μεγαλοσύνη,
992 3299 1081 3372 ὥστε
1106 3301 1151 3390 μῆ
1178 3299 1343 3374 δύνασθαί
1364 3329 1404 3390 με
1422 3306 1564 3387 ἐξειπεῖν
1584 3299 1662 3390 ύμῖν

443 3807 535 3864 111Ρῖ)
553 3809 586 3862 ολ.
599 3808 729 3878 Origenes
748 3825 769 3862 α
789 3807 898 3864 Celsum
916 3808 987 3864 v52
999 3827 1031 3878 sq
1052 3809 1168 3864 Dslarus
1186 3810 1197 3862 I
1216 3827 1241 3880 p.
1258 3809 1307 3864 617
1326 3807 1438 3862 Hermes
1458 3809 1530 3879 apud
1550 3809 1582 3862 G.
1595 3807 1661 3876 Syn·

361 3894 461 3949 sellum
483 3912 509 3964 p.
528 3895 560 3948 13
579 3893 652 3947 Goar
669 3911 693 3963 p.
712 3894 744 3946 24
762 3892 843 3947 Dind.
862 3893 943 3948 Liber
959 3895 1048 3948 Adam
1067 3897 1095 3948 et
1113 3893 1188 3950 Evae
1206 3894 1230 3946 II
1248 3896 1280 3948 19
1297 3893 1510 3948 Commodianus
1528 3893 1662 3948 Instr.13

360 3977 520 4032 Lactantius
537 3977 604 4032 Inst.
622 3977 647 4030 II
667 3979 706 4032 15.
724 4007 756 4017 —
774 3977 838 4031 XIV
857 3980 874 4034 8
891 3977 925 4032 of.
944 3977 1040 4032 Passio
1058 3977 1210 4048 Perpetuae
1228 3977 1280 4032 XII
1297 3995 1322 4048 p.
1340 3979 1374 4034 80
1391 3995 1431 4048 sq.

446 4129 461 4184 1
475 4129 563 4183 εδωτο
574 4125 616 4181 P?
634 4119 738 4184 ἔδωκεν
748 4127 818 4182 Edd.
846 4131 1016 4195 εκλεξασθαι
1030 4129 1060 4198 Ρ]
1079 4129 1152 4184 verb.
1162 4128 1186 4182 D
1195 4129 1267 4182 nach
1275 4132 1300 4183 A
1312 4131 1314 4155 ¹
1326 4127 1345 4184 2
1357 4135 1416 4182 τῶν
1428 4122 1558 4199 οἷγγέλων
1566 4126 1662 4198 fflgtc

360 4213 432 4268 nach
448 4215 473 4266 A
488 4215 492 4278 Ι
508 4212 526 4268 3
544 4211 636 4266 Lfloke
656 4213 727 4266 nach
745 4212 790 4266 A?
804 4215 809 4279 Ι
824 4215 843 4269 5
862 4215 978 4280 δεσμοῖς
998 4213 1040 4267 las
1058 4211 1188 4281 Origenes
1203 4214 1207 4280 Ι
1223 4213 1242 4270 6
1260 4213 1337 4284 πρίν]
1363 4230 1430 4286 περι
1449 4214 1470 4266 Ρ
1489 4205 1548 4282 πρὸ
1568 4211 1636 4266 Εὸᾱ.
1656 4211 1660 4278 Ι

361 4298 397 4352 11
418 4297 524 4364 ομοχλε
541 4295 564 4350 Ρ
588 4297 594 4362 Ι
618 4295 655 4352 12
674 4289 822 4368 α’στρατιαί
840 4297 873 4366 1)]
906 4300 1063 4366 διαστραπε
1080 4297 1102 4350 Ρ
1121 4299 1151 4351 αλ
1170 4290 1316 4368 άστραπαί
1337 4301 1362 4352 A
1384 4299 1389 4366 1
1415 4298 1453 4355 13
1481 4293 1663 4366 έξεπέταααν]

359 4375 595 4449 δνεπτέρωσανθ
613 4381 683 4436 doch
704 4381 759 4450 vgl.
772 4382 912 4452 vulgArgr.
931 4377 1081 4445 ἐκπὲτασις
1092 4381 1150 4435 ‘das
1162 4380 1281 4451 FIIegen’
1298 4383 1301 4448 Ι
1319 4383 1356 4438 15
1375 4379 1605 4451 οἰκοδομημένου
1622 4383 1660 4464 ΔΙ

359 4467 486 4537 γλῶσσαι
497 4465 531 4534 A]
549 4465 714 4534 γλωσσηςΡ
732 4456 913 4535 γλῶσσαιςΙ)
929 4467 933 4533 Ι
949 4466 985 4522 21
1005 4465 1149 4534 κεομενοι]
1170 4466 1278 4520 verb.D
1294 4469 1297 4534 Ι
1313 4466 1352 4524 22
1371 4484 1482 4522 οιοικον
1496 4469 1500 4534 Ι
1516 4465 1555 4522 23
1567 4463 1674 4536 τρυφιΙ,

360 4549 423 4620 cA]
440 4566 535 4620 τροφη
548 4549 569 4604 Ρ
583 4551 589 4620 Ι
604 4567 641 4606 σκ
655 4551 659 4610 Ι
675 4549 714 4606 24
727 4550 875 4614 ausA÷D
891 4553 895 4618 Ι
911 4549 950 4608 26
964 4552 1053 4620 αλλην
1066 4553 1160 4620 θυραν
1171 4569 1354 4621 ανεινγμενην
1370 4550 1394 4604 Ρ
1408 4553 1413 4620 Ι
1428 4551 1466 4608 27
1480 4553 1612 4621 γλωσσης
1630 4545 1663 4616 Ρ]

359 4637 432 4692 verb.
451 4633 520 4688 Edd.
