3734 5532
346 496 386 560 22
888 483 966 540 Buch
983 481 1106 538 Henoch.

346 657 402 722 καὶ
424 645 485 721 οάκ
510 643 730 720 ἀλλοιοῦνται
764 641 894 732 [αάτών
915 644 958 718 τά
981 649 1081 736 ἔργα]
1109 640 1184 718 ἀλλ’
1208 647 1354 734 ώσπερεί
1379 645 1467 717 κατὰ
1490 647 1654 737 ἐπιταγὴν

347 749 389 822 τά
417 745 533 820 πάντα
565 754 701 836 γίνεται.
744 755 763 819 3
795 749 897 830 ἰσετε,
926 753 1002 826 πώς
1028 740 1049 834 ῆ
1080 742 1249 830 θάλασσα,
1277 753 1334 816 καὶ
1364 749 1396 817 οἱ
1426 753 1575 836 ποταμοὶ
1607 745 1655 829 ώς

347 844 475 937 ὁμοίως
502 841 729 918 ἀποτελοῦσιν
754 853 810 917 καί
836 840 899 917 οάκ
927 840 1122 918 ἀλλοιοῦσιν
1147 842 1264 917 αὐτῶν
1295 843 1339 916 τὰ
1369 847 1449 935 ἔργα
1479 840 1549 918 ἀπὸ
1579 855 1654 918 τών

348 945 464 1038 λόγων
489 942 603 1017 αὐτοῦ.
645 957 665 1016 4
691 939 782 1034 ὑμεῖς
809 951 845 1016 δὲ
871 941 934 1016 οάκ
960 947 1149 1032 ἐνεμείνατε
1171 941 1249 1016 οὐδὲ
1275 942 1456 1034 ἐποιήσατε
1481 947 1570 1018 κατὰ
1593 947 1654 1031 τὰς

313 1046 490 1128 δέντολάς
500 1042 616 1165 αὖτοῆ,
633 1039 721 1116 ἀλλὰ
731 1039 898 1133 ἀπέστητε
912 1050 967 1115 καὶ
977 1041 1232 1134 κατελαλήσατε
1246 1041 1410 1133 μεγάλους
1423 1053 1480 1117 καὶ
1490 1046 1655 1136 σκληρούς

350 1145 474 1237 λόγους
488 1150 526 1218 ἐν
541 1141 683 1234 στόματι
697 1138 941 1232 ἀκαθαρσίας
920 1151 1017 1233 υμών
1031 1143 1119 1214 κατὰ
1134 1149 1195 1233 τῆς
1209 1142 1436 1267 μεγαλοσύνῆς
1451 1141 1565 1216 αὐτοῦ.
1600 1141 1655 1216 ὅτι

348 1241 608 1338 κατελαλῆσατε
620 1247 657 1316 ἐν
679 1261 751 1325 τοῖς
772 1238 1058 1332 ψεύμασινυμών,
1081 1239 1349 1333 σκληροκάρδιοι,
1373 1239 1435 1314 οάκ
1451 1240 1517 1316 ἐστ’
1538 1242 1654 1336 εἰρήνη

348 1343 434 1436 υμῖν.
465 1359 484 1418 5
506 1343 626 1433 τοιγάρ
646 1341 707 1426 τὰς
726 1337 893 1432 ῆμέρας“
871 1349 968 1431 υμῶν
987 1339 1078 1432 υμεῖς
1099 1339 1350 1432 κατηράσασθε,
1374 1350 1430 1413 καὶ
1453 1343 1496 1414 τὰ
1515 1347 1574 1434 ἔτη
1594 1351 1656 1434 τῆς

350 1452 440 1536 ζωῆς
453 1440 550 1533 υμών
560 1439 745 1527 ἀπολεῖται,
760 1449 817 1514 καὶ
827 1471 869 1514 τα
856 1439 998 1531 ἐτη”
955 1471 1016 1532 της
1031 1437 1236 1526 ἀπωλείας(
1215 1449 1313 1532 υμῶν
1323 1441 1512 1533 πληθυνθή
1514 1448 1655 1515 οεταιέν

299 1563 332 1616 10
349 1542 481 1636 κατάρᾳ
496 1542 646 1628 αἰώνων,
668 1548 724 1613 καὶ
738 1536 801 1612 οάκ
816 1545 909 1612 ἔσται
929 1537 1007 1631 ὑμῖν
1021 1543 1114 1624 ἔλεος
1132 1549 1187 1614 καὶ
1207 1539 1329 1633 εἰρήνη.
1365 1553 1385 1616 θ
1408 1538 1489 1614 τότε
1503 1543 1650 1615 ἔσται
1612 1572 1655 1615 τα

351 1639 504 1734 ὀνόματα
513 1639 610 1732 ὖμών
620 1647 665 1724 εἰς
673 1637 827 1730 κατάραν
841 1640 985 1712 αἰώνιον
993 1646 1097 1712 πᾶσιν
1106 1659 1178 1723 τοῖς
1188 1645 1337 1726 όαιαίοις,
1352 1649 1409 1712 καὶ
1423 1645 1461 1714 ἐν
1468 1639 1546 1729 ὑμῖν
1554 1671 1656 1714 κατα-

350 1739 514 1832 ράσονται
522 1740 651 1826 πάντες
660 1745 693 1814 οἱ
702 1740 947 1830 καταρώμενοι,
956 1747 1013 1811 καὶ
1021 1734 1149 1823 πάντες
1159 1744 1192 1812 οἱ
1201 1736 1398 1830 ἁμαρτωλοὶ
1411 1748 1468 1812 καὶ
1478 1737 1605 1826 ἀσεβεῖς
1619 1745 1657 1812 ἐν

350 1839 427 1932 ὖμῖν
446 1836 617 1932 ἀμοῦνται
656 1847 722 1928 [καὶ
743 1836 869 1922 πάντες
891 1843 924 1910 οἰ
937 1835 1096 1927 ἀμίαντοι
1110 1836 1325 1928 χαρήσονται,
1347 1847 1404 1911 καὶ
1425 1842 1517 1912 ἔσται
1540 1837 1656 1925 αὐτοῖς

351 1940 444 2024 λύσις
466 1935 643 2030 άμαρτιών
664 1947 720 2013 καὶ
742 1945 813 2012 πᾶν
835 1940 927 2020 ἔλεος
947 1945 1004 2009 καὶ
1025 1936 1140 2028 εἰρήνη
1161 1944 1219 2010 καί
1233 1942 1400 2022 ἐπιείκεια,
1422 1942 1517 2012 ἐσται
1540 1936 1658 2023 αὐτοῖς

300 2059 332 2112 15
350 2047 509 2130 σωτηρία,
533 2047 608 2128 φώς
624 2037 768 2130 ἀγαθόν,
790 2045 845 2110 καὶ
861 2035 959 2110 αὐτοὶ
973 2035 1286 2128 κληρονομήσουσιν
1301 2037 1365 2128 τῆν
1381 2045 1455 2128 γῆν,
1476 2047 1532 2110 καὶ
1554 2045 1657 2111 πᾶσιν

350 2136 428 2230 ὗμιν
455 2158 527 2222 τοῖς
554 2135 769 2230 ἁμαρτωλοῖς
790 2133 851 2226 οὐχ
872 2133 1013 2226 θπάρξει
1040 2145 1205 2227 σωτηρία,
1233 2133 1322 2210 ἀλλὰ
1344 2142 1399 2208 ἐπὶ
1420 2134 1553 2220 πάντας
1574 2134 1658 2228 ἀμᾶς

351 2237 531 2312 καταλύσει
557 2235 707 2326 κατάρα]
751 2250 769 2309 7
800 2245 857 2309 καὶ
884 2255 956 2320 τοῖς
982 2242 1153 2319 ἐκλεκτοῖς
1179 2237 1273 2308 ἐσται
1299 2243 1375 2324 φώς
1400 2245 1457 2309 καὶ
1480 2234 1576 2326 χάρις
1601 2245 1658 2310 καὶ

351 2336 466 2430 εἰρήνη
492 2345 547 2409 καὶ
574 2333 673 2410 αὐτοὶ
697 2333 1012 2427 κληρονομήσουσιν
1040 2335 1105 2426 τῆν
1130 2342 1207 2426 γῆν,
1238 2331 1317 2426 ὑμῖν
1343 2343 1379 2408 δὲ
1405 2355 1478 2421 τοῖς
1508 2333 1658 2426 ἀσεβέσιν

353 2443 445 2511 ἔσται
465 2433 604 2528 κατάρα.
648 2447 666 2508 8
689 2431 769 2508 τότε
792 2433 976 2525 δοθήσεται
1002 2454 1075 2520 τοῖς
1095 2440 1267 2520 ἐκλεκτοῖς
1292 2443 1379 2523 [φώς
1399 2443 1456 2508 καὶ
1475 2433 1580 2526 χάρις
1602 2445 1659 2508 καὶ

300 2555 334 2611 20
352 2535 452 2610 αὐτοὶ
466 2531 777 2658 κληρονομήσουσιν
792 2535 857 2626 τῆν
871 2541 948 2626 γῆν
963 2531 1045 2608 τότε
1059 2533 1243 2626 δοθήσεται
1261 2542 1365 2608 πᾶσιν
1383 2554 1456 2619 τοῖς
1474 2539 1656 2623 ἐκλεκτοῖς]

354 2645 472 2726 σοφία,
498 2641 555 2707 καὶ
580 2632 707 2720 πάντες
735 2626 831 2706 οὗτοι
858 2632 1017 2724 ζήσονται
1042 2663 1098 2705 και
1120 2663 1161 2706 ου
1182 2633 1227 2724 μῆ
1250 2630 1504 2724 ἁμαρτήσονται
1527 2638 1591 2722 ἔτι,
1618 2632 1660 2708 οά

354 2735 442 2809 κατὰ
464 2733 578 2827 λήθην
599 2763 680 2808 ουτε
701 2733 789 2806 κατὰ
810 2731 1057 2824 υπερηφανίαν,
1083 2737 1177 2806 καῖ’
1162 2758 1255 2806 εοται
1276 2738 1314 2805 ἐν
1340 2729 1521 2824 ἀνθρώπῳ
1543 2763 1661 2823 πεφω-

354 2841 502 2926 τισμένῳ
526 2841 602 2923 φώς
615 2841 671 2906 καὶ
693 2829 871 2923 ἀνθρώπῳ
894 2831 1154 2924 ἰπιστήμονι’
1114 2862 1234 2923 νοημα.
1269 2843 1288 2906 9
1310 2841 1366 2904 καὶ
1386 2831 1427 2906 οὗ
1447 2833 1492 2924 μῆ
1511 2846 1661 2924 πλημμε-

355 2933 517 3026 λήσουσιν
538 2931 616 3006 οὐδὲ
638 2932 683 3024 μῆ
705 2929 902 3024 ἁμάρτωσιν
923 2929 1033 3016 πάσας
1054 2931 1116 3016 τὰς
1137 2929 1260 3022 ῆμέρας
1276 2939 1337 3022 τῆς
1356 2939 1446 3024 ζωῆς
1468 2929 1662 3006 αὐτῶνκαὶ

304 3051 337 3107 25
356 3032 396 3108 οὐ
417 3033 461 3126 μῆ
488 3030 715 3106 ἀποθάνωσιν
741 3037 779 3105 ἰν
805 3027 889 3123 ὀργῆ
911 3039 1022 3122 θυμοῦ
1047 3029 1136 3106 ἀλλὰ
1164 3031 1227 3104 τὸν
1253 3029 1401 3122 ἀριθμὸν
1427 3029 1544 3105 αάτών
1572 3040 1662 3124 ζωῆς

354 3132 489 3226 ῆμερῶν
509 3133 763 3226 πληρώσουσιν,
790 3139 846 3205 καί
868 3130 889 3224 ῆ
912 3131 982 3223 ζωὴ
1006 3127 1123 3204 αὐτῶν
1145 3128 1371 3222 αὐξηθήσεται
1393 3137 1430 3204 ἐν
1452 3131 1578 3223 εἰρήνη,
1605 3142 1661 3204 καὶ

355 3234 397 3306 τά
423 3235 481 3324 ἐτη
509 3239 570 3324 τῆς
593 3239 699 3323 χαρᾶς
723 3231 840 3306 αὐτῶν
864 3229 1148 3323 πληθυνθήσεται
1175 3236 1213 3303 ἐν
1239 3229 1433 3322 ἀγαλλιάσει
1461 3239 1517 3304 καὶ
1544 3231 1660 3324 εἰρήνη

354 3339 480 3418 αἰῶνος
501 3338 539 3405 ἐν
559 3330 681 3416 πάσαις
703 3351 776 3416 ταῖς
798 3330 936 3424 ῆμέραις
957 3338 1018 3422 τῆς
1042 3337 1131 3421 ζωῆς
1153 3328 1280 3403 αὐτῶν.

437 3437 491 3520 VI,
515 3445 530 3504 1
563 3439 628 3505 Καὶ
650 3435 784 3521 ἐγένετο
806 3425 892 3504 ὅταν
919 3429 1186 3522 ἐπληθύνθησαν
1207 3435 1240 3503 οἰ
1261 3435 1327 3502 υἰοί
1349 3439 1422 3503 τών
1444 3427 1660 3520 ἀνθρώπων,

439 3587 577 3644 vl-vln
599 3588 634 3645 εἰ.
656 3587 782 3644 Clemens
803 3587 898 3644 homil.
921 3587 986 3642 VIII
1005 3588 1038 3642 12
1050 3604 1089 3656 sq.
1119 3585 1250 3656 reoognit.
1269 3585 1308 3640 IV
1326 3587 1372 3652 26,
1389 3587 1422 3641 27
1445 3586 1543 3658 Papias
1566 3587 1598 3642 fr.
1615 3587 1661 3642 bei

353 3671 533 3742 Routh,r011.
561 3689 653 3728 εεαιιιε
675 3671 688 3726 Ι
710 3689 736 3744 p.
753 3675 793 3727 14.
816 3675 887 3727 Aeta
912 3671 1035 3727 'I'nomao
1061 3688 1084 3727 ο.
1101 3673 1142 3728 32.
1166 3669 1378 3726 Commodianus
1396 3671 1475 3726 lustr.
1494 3673 1507 3726 I
1525 3673 1549 3727 3.
1571 3671 1661 3727 Julius

353 3757 616 3914 {xffinffssgp-'gss
628 3755 785 3828 syncellum
801 3775 826 3828 p.
840 3757 872 3812 19
894 3755 975 3822 (λοστ,
988 3775 1013 3827 p.
1026 3757 1060 3810 34
1081 3755 1171 3822 DintI,
1189 3755 1348 3810 Lactantius
1366 3755 1526 3811 111211114.
1544 3756 1662 3811 Oracula

439 3979 454 4034 1
475 3973 569 4034 αὐτῶν
580 3973 616 4032 τὰ
629 3969 699 4048 ἰργα
712 3989 743 4036 <
756 3979 781 4032 A
793 3975 891 4046 tilgtc
906 3977 911 4044 Ι
926 3975 944 4032 2
962 3971 993 4030 αὶ
1003 3972 1183 4031 θάλασσαίΔ
1198 3977 1202 4044 Ι
1218 3968 1258 4040 ὼς
1270 3971 1386 4044 ὁμοίως]
1400 3971 1474 4044 ὁμοῦ
1486 3979 1510 4029 A
1526 3979 1531 4042 Ι
1546 3975 1595 4038 8λέ
1613 3976 1663 4030 καὶ

353 4061 405 4119 οἰκ
418 4091 450 4102 -
463 4059 550 4118 αὐτοῦ
567 4063 636 4122 <A
652 4063 656 4130 Ι
670 4059 734 4116 ἐστι
749 4061 753 4130 Ι
768 4061 815 4128 ol?
836 4055 880 4116 ὃτι
892 4091 925 4100 -
941 4055 1020 4128 ὑμῶν
1038 4069 1071 4120 <
1084 4063 1108 4114 A
1123 4061 1127 4128 Ι
1141 4059 1159 4116 8
1176 4063 1395 4130 κατηρασασθαι
1411 4060 1442 4129 Ρ]
1461 4057 1661 4131 καταράσεσθε

353 4147 399 4202 Dc
414 4149 418 4216 Ι
432 4147 482 4203 καί
499 4143 534 4204 τά
552 4139 599 4216 ἐτη
612 4143 646 4216 1)]
663 4164 738 4201 κατα
753 4147 758 4214 Ι
773 4145 793 4202 θ
806 4149 939 4202 απολιται
953 4144 983 4215 Ρ]
1002 4141 1135 4200 ἀπολεῖτε
1149 4144 1169 4199 0
1185 4145 1189 4213 Ι
1204 4141 1238 4200 τὰ
1258 4139 1306 4213 ἐτη
1319 4173 1352 4184 -
1364 4139 1444 4214 ὑμῶν
1456 4156 1489 4204 <
1501 4148 1526 4199 A
1540 4147 1545 4210 Ι
1562 4143 1601 4200 10
1613 4145 1663 4200 καὶ

353 4229 449 4304 εἰρήνη
467 4233 535 4292 <A
549 4231 554 4302 Ι
571 4231 683 4288 ἱθ-Ῑλ
702 4231 751 4286 καί
763 4259 796 4270 -
808 4229 921 4308 κατάρα
939 4229 1006 4300 tilgt
1023 4229 1047 4284 D
1063 4230 1068 4297 Ι
1085 4229 1120 4286 Ιθ
1138 4225 1281 4300 ἀμίαντοι]
1301 4233 1416 4299 αμαΙτοι
1433 4229 1472 4284 im
1490 4228 1662 4283 Zeilenfiber·

353 4333 428 4387 gang
445 4314 475 4382 Ρ,
493 4315 571 4372 αἰοίιί
589 4333 755 4388 αμαρτητοι,
774 4311 970 4388 ἀναμάρτητοι
989 4315 1021 4382 D,
1044 4313 1165 4386 mbglioh
1183 4318 1257 4368 τεῖνε
1274 4311 1420 4382 ἀμάθητοι
1435 4315 1439 4382 Ι
1457 4315 1493 4370 λλ
1508 4317 1662 4368 καταλυσιν

351 4419 481 4472 καταραν
499 4401 531 4470 Ρ]
549 4400 624 4456 verb.
642 4399 666 4454 D
690 4401 694 4466 Ι
717 4397 793 4472 χαρὰ
806 4401 831 4454 A
854 4401 859 4468 Ι
884 4399 973 4466 Ῑθ]20
987 4405 1047 4468 φῶς
1067 4429 1100 4440 -
1121 4395 1265 4465 ἐκλεκτοῖς
1282 4399 1349 4469 ἐὶἰρτ
1366 4397 1390 4452 D
1414 4401 1418 4468 Ι
1447 4399 1484 4454 21
1505 4415 1610 4468 σοριαν
1628 4397 1661 4466 P]

350 4485 425 4541 verb.
444 4485 467 4539 D
492 4487 496 4552 Ι
520 4485 559 4540 22
578 4489 771 4554 καταληθειαν
789 4484 820 4554 Ρ]
843 4484 918 4540 verb.
936 4485 961 4540 D
983 4475 1047 4540 κατ’
1064 4478 1184 4553 ἄγνοιαν
1202 4483 1391 4550 Wellhausen,
1413 4483 1487 4538 viell.
1509 4475 1572 4537 κατ’
1589 4479 1662 4549 ἀμά-

350 4573 434 4626 θειαν
449 4573 453 4637 Ι
470 4569 559 4636 22128
578 4567 725 4644 ἀνθρώπῳ
737 4599 771 4611 -
784 4575 845 4640 φῶς
856 4571 904 4624 καὶ
917 4579 949 4628 <
962 4571 986 4624 A
1001 4569 1006 4638 Ι
1022 4568 1061 4624 28
1074 4568 1178 4638 νόημα]
1190 4567 1326 4624 ταπεινὸν
1338 4567 1432 4637 νόημα
1441 4567 1488 4623 A?
1503 4569 1507 4634 Ι
1522 4567 1558 4622 24
1570 4561 1661 4636 ἁμάρ·

351 4655 445 4723 τινοιν]
462 4655 541 4723 δίκην
559 4657 643 4710 θῶσιν
656 4659 680 4710 A
695 4656 700 4722 Ι
716 4653 755 4712 28
775 4651 879 4724 αἰτῶν]
899 4661 955 4709 τῶν
973 4659 1022 4722 τῆς
1040 4653 1136 4722 11120
1154 4649 1234 4723 ὅταν]
1253 4672 1323 4710 ουαν
1341 4652 1362 4706 Ρ
1381 4647 1429 4709 ὅτε
1447 4652 1471 4706 D
