3734 5532
356 505 395 566 30
900 495 977 551 Buoh
995 496 1118 552 Henoeh.

355 657 510 748 ἐπλήσθη
534 661 674 747 αἵματος
695 665 751 730 καὶ
774 655 911 742 ἀδικίας.
950 672 986 731 10
1008 665 1063 730 καὶ
1086 665 1148 731 νῦν
1170 659 1244 731 ίδού
1264 667 1392 744 βοῶσιν
1413 664 1448 731 αἱ
1469 669 1572 750 ψυχαὶ
1594 669 1667 733 τῶν

355 755 653 850 τετελευτηκότων
683 766 738 828 καὶ
768 756 1029 848 ἐντυγχάνουσιν
1056 765 1150 850 μέχρι
1177 767 1399 832 τῶνπυλῶν
1426 767 1490 832 τοῦ
1512 757 1666 850 ου’ρανοῦ.

355 865 410 928 καὶ
426 855 528 948 ἀνέβη
544 853 563 929 ό
579 859 765 949 στεναγμός
780 855 907 944 αὐτῶν,
929 866 986 929 καὶ
1000 855 1041 930 οό
1056 857 1197 930 δύναται
1214 863 1367 946 ἐξελθεῖν
1388 856 1457 932 ἀπό
1478 862 1668 950 προσώπου

355 966 428 1030 τῶν
443 963 499 1029 ἐπὶ
514 965 575 1049 τῆς
590 965 650 1049 γῆς
665 965 857 1050 γινομένων
871 954 1112 1050 ἀνομημάτων.
1157 971 1193 1030 11
1209 965 1265 1030 καὶ
1287 959 1327 1030 σύ
1347 957 1463 1032 πάντα
1484 962 1578 1044 σίδας
1599 962 1667 1051 πρό

320 1065 418 1130 5τοῦ
445 1054 532 1130 αότά
559 1065 715 1147 γενέσθαι
737 1065 794 1131 καί
816 1059 856 1130 οὐ
878 1054 960 1152 ὁρᾷς
982 1065 1089 1130 ταῦτα
1110 1064 1166 1129 καὶ
1188 1061 1245 1150 ἐᾷς
1267 1055 1391 1141 αότοός
1411 1067 1468 1130 καὶ
1490 1058 1567 1132 οὐδὲ
1590 1057 1669 1151 ήμῖν

356 1164 470 1247 λέγεις,
493 1165 528 1229 τί
549 1165 599 1229 δεῖ
618 1178 732 1230 ποιεῖν
754 1156 877 1242 ου’τούς
898 1167 976 1248 περὶ
998 1157 1142 1230 τούτων.

437 1263 474 1344 X,
498 1271 513 1329 1
542 1253 623 1348 Τότε
652 1251 794 1345 όψιστος
821 1261 916 1331 είπεν
943 1265 1028 1348 [περὶ
1056 1256 1204 1348 τούτων]
1233 1253 1264 1329 ό·
1279 1265 1379 1348 μέγας
1401 1251 1497 1348 άγιος
1517 1267 1573 1330 καὶ
1595 1257 1667 1330 ἐλά-

357 1368 460 1448 λησεν
478 1365 534 1430 καὶ
550 1359 656 1446 [εἶπεν
669 1365 737 1444 καὶ]
757 1360 906 1446 ἐπεμψεν
926 1354 1076 1448 Ἰοτραήλ
1097 1356 1183 1443 πρὸς
1206 1357 1269 1430 τόν
1289 1357 1365 1429 υἱόν
1387 1364 1506 1447 Αέμεχ·
1528 1370 1547 1431 2
1569 1361 1668 1432 εἶπον

357 1455 451 1548 αὐτῷ
470 1461 525 1529 ἐπὶ
541 1463 592 1546 τῷ
608 1461 677 1547 ἐμῷ
694 1452 852 1548 ὀνόματι·
873 1455 1006 1546 κρύψον
1021 1455 1174 1530 σεαυτόν.
1212 1465 1268 1528 καὶ
1283 1454 1443 1546 δήλωσον
1458 1454 1553 1548 αότῷ
1569 1463 1668 1542 τέλος

306 1563 339 1618 10
356 1553 595 1646 ἐπερχόμενον,
619 1550 708 1647 ότιή
729 1563 771 1647 γή
788 1554 979 1630 ἀπόλλυται
1000 1564 1092 1629 πᾶσα
1113 1563 1169 1628 καὶ
1190 1555 1426 1646 κατακλυσμὸς
1447 1564 1561 1647 μέλλει
1583 1567 1668 1647 γίνε-

356 1665 437 1728 σθαι
467 1654 575 1746 πάσης
606 1663 667 1745 τῆς
697 1663 757 1746 γῆς
788 1664 844 1729 καί
875 1654 1032 1729 ἀπολέσει
1058 1654 1173 1728 πάντα
1203 1650 1265 1728 όσα
1287 1652 1354 1728 ἐστ’
1377 1661 1414 1728 ἐν
1434 1653 1529 1746 αὐτῇ.
1572 1664 1667 1731 θκαὶ

356 1761 493 1842 δίδαξον
507 1752 623 1840 αότόν,
641 1750 737 1839 όπως
757 1755 885 1846 ἐκφόγη
900 1765 956 1827 καὶ
970 1763 1054 1846 με’νη
1069 1755 1110 1828 τό
1126 1763 1257 1847 σπέρμα
1280 1753 1386 1829 αὐτοῦ
1408 1762 1454 1840 είς
1475 1754 1585 1839 πάσας
1607 1757 1668 1840 τὰς

355 1855 472 1945 γενεάς
487 1862 550 1926 τοῦ
572 1858 704 1938 αἰῶνος.
740 1863 828 1927 ἐκαὶ
844 1863 895 1946 τῷ
910 1851 1066 1946 Ῥαφαήλ
1088 1858 1194 1928 εἶπεν·
1217 1861 1320 1945 δῆσον
1342 1853 1406 1928 τὸν
1425 1851 1544 1946 Ἀζαήλ
1566 1865 1669 1928 ποσὶν

356 1961 411 2027 καὶ
425 1962 538 2044 χερσίν
551 1962 607 2027 καὶ
621 1953 701 2042 βάλε
718 1953 825 2028 αὐτόν
846 1959 892 2039 είς
913 1955 955 2028 τό
978 1953 1110 2038 σκότος,
1131 1962 1188 2027 καὶ
1210 1954 1351 2042 ἄνοιξον
1371 1955 1436 2045 τήν
1458 1958 1583 2046 ἔρημον
1604 1957 1669 2046 τήν

305 2069 338 2123 15
357 2047 462 2126 οὖσαν
483 2060 521 2126 ἐν
542 2062 593 2145 τῷ
616 2055 769 2145 Δαδσυήλ
791 2051 889 2128 κάκεῖ
906 2053 988 2142 βάλε
1011 2051 1126 2140 αὐτόν,
1163 2069 1189 2128 5·
1203 2061 1258 2125 καὶ
1279 2053 1410 2139 όπόθες
1432 2052 1526 2146 αὐτῷ
1549 2065 1669 2138 λίθους

333 2151 489 2242 ’τραχεῖς
518 2162 575 2226 καὶ
603 2149 689 2241 όξεῖς
718 2162 774 2227 καὶ
805 2152 1017 2242 ἐπικάλυψσν
1048 2152 1142 2245 αὐτῷ
1175 2154 1215 2226 τό
1244 2153 1377 2240 σκότος,
1407 2163 1463 2228 καὶ
1498 2153 1668 2246 οίκησάτω

356 2257 425 2324 ἐκεῖ
441 2259 489 2337 είς
504 2253 584 2336 τούς
606 2261 741 2342 αἰῶνας,
757 2262 813 2326 καὶ
835 2253 900 2344 τήν
922 2249 1005 2341 όψιν
1027 2251 1132 2326 αότοῦ
1153 2254 1327 2341 πιόμασον,
1342 2261 1398 2326 καὶ
1414 2263 1490 2342 φῶς
1512 2255 1557 2344 μή
1578 2265 1667 2325 θεω-

356 2360 467 2442 ρείτω.
514 2365 533 2426 6
555 2361 610 2426 καὶ
637 2357 675 2425 ἐν
701 2361 744 2442 τῇ
770 2351 876 2444 ἡμέρᾳ
902 2361 946 2443 τῇ
972 2351 1098 2442 μεγάλη
1121 2359 1183 2443 τῆς
1203 2361 1345 2444 κρίσεως
1366 2352 1600 2444 άπαχθήσεται
1622 2359 1668 2437 εἰς

357 2453 420 2524 τόν
442 2451 657 2542 ἐμπυρισμόν.
701 2466 719 2524 7
741 2460 796 2524 καί
817 2451 996 2543 ἰαθήσεται
1018 2451 1038 2544 ἡ
1061 2460 1112 2544 γή,
1134 2451 1178 2542 ήν
1198 2450 1369 2543 ἠφάνισαν
1391 2459 1424 2526 οἱ
1445 2455 1591 2544 άγγελοι,
1612 2460 1668 2524 καὶ

305 2565 338 2620 20
357 2552 421 2642 τήν
447 2557 536 2624 ίασιν
564 2559 625 2642 τῆς
652 2559 711 2642 γῆς
737 2550 905 2644 δήλωσον,
927 2557 983 2623 ἵνα
1003 2549 1168 2624 ίάσωνται
1190 2553 1255 2643 τήν
1275 2552 1418 2644 πληγήν,
1441 2555 1497 2625 ίνα
1518 2553 1562 2644 μή
1586 2550 1669 2626 ἀπό-

356 2720 426 2778 αίτόι
451 2716 530 2788 οἶδας
552 2721 608 2795 πρό
631 2729 682 2778 τοῦ
709 2720 779 2778 αὐτά
808 2721 942 2792 γενέσθαι
964 2724 1013 2778 καί
1039 2719 1109 2798 όρᾷς
1136 2721 1239 2790 αότοὺς
1255 2725 1304 2779 καί
1327 2719 1375 2800 ἐᾷς
1393 2723 1495 2790 αὐτοὺς
1520 2727 1570 2780 καί
1587 2723 1667 2781 σι’δὲι·

355 2807 454 2878 λέγεις.
477 2809 505 2863 τί
516 2810 683 2876 δεῖποιήσαι
701 2806 804 2873 αὐτοὺς
816 2811 880 2879 περί
892 2806 1006 2870 τοότσν;
1024 2808 1089 2864 τότε
1102 2803 1118 2862 ό
1131 2802 1250 2878 όψιοτος
1261 2802 1342 2864 εἶπεν
1353 2811 1402 2864 καί
1415 2806 1432 2864 ό
1449 2804 1532 2880 ἅγιος
1550 2807 1566 2864 ό
1578 2809 1667 2881 μέγας

357 2889 475 2962 ἐλάλησε
492 2895 542 2949 καί
560 2887 689 2962 ἐπεμψεν
707 2891 758 2947 τόν
779 2891 880 2963 Οόριήλ
898 2892 971 2964 πρός
988 2891 1037 2948 τόν
1055 2889 1117 2948 υἱόν
1135 2892 1237 2964 Λάμεχ
1259 2891 1362 2963 λέγων·
1384 2891 1510 2966 πορεύου
1528 2894 1599 2966 πρός
1616 2893 1667 2949 τόν

358 2979 423 3033 Νῶε
442 2979 491 3032 καὶ
509 2971 591 3033 εἶπον
609 2975 685 3050 αίτῷ
702 2983 743 3050 τῷ
761 2972 821 3050 ἐμῷ
840 2975 973 3045 όνόματι·
992 2975 1105 3049 κρόψον
1123 2978 1251 3034 σεαυτόν.
1284 2981 1333 3032 καί
1350 2981 1477 3047 δήλωσον
1495 2976 1571 3052 αὐτῷ
1588 2977 1669 3044 τέλος

358 3059 560 3134 ἐπερχόμενον,
579 3057 623 3116 ότι
641 3061 656 3129 ή
676 3067 711 3130 γή
729 3058 886 3116 ἀπόλλυται
903 3067 991 3116 πᾶσα.
1025 3064 1074 3117 καί
1092 3055 1174 3117 εἶπον
1192 3061 1277 3135 αίτῴ,
1296 3057 1340 3118 ότι
1357 3063 1557 3132 κατακλυσμὸς
1573 3063 1669 3132 μέλλει

358 3147 487 3215 γίνεσθαι
511 3144 603 3216 πάσης
624 3153 674 3214 τῆς
695 3153 753 3216 γῆς,
781 3143 920 3202 ἀπολέσαι
945 3145 1040 3202 πάντα
1068 3143 1126 3202 άπό
1153 3145 1311 3218 προσώπου
1333 3154 1382 3216 τῆς
1399 3154 1458 3218 γῆς.
1489 3149 1600 3214 δίδαξον
1618 3147 1669 3204 τόν

357 3231 474 3294 δίκαιον,
490 3233 517 3286 τί
535 3233 653 3300 ποιήσει,
672 3229 723 3285 τόν
735 3227 798 3284 υίόν
809 3227 920 3300 Λάμεχ.
946 3231 996 3285 καί
1012 3232 1063 3299 τήν
1081 3233 1174 3301 ψυχήν
1192 3229 1280 3287 αὐτοῦ
1293 3229 1334 3296 είς
1346 3233 1421 3300 ζωήν
1439 3235 1604 3302 συντηρήσει
1621 3235 1670 3288 καί

357 3311 523 3385 ἐκφεύξεται
540 3313 568 3370 δί
585 3314 698 3381 αἰῶνος,
716 3317 765 3370 καί
783 3311 814 3380 ἐξ
832 3311 920 3369 αὐτοῦ
937 3317 1144 3384 φυτευθήσεται
1162 3315 1290 3386 φίτειμα
1312 3317 1361 3372 καί
1384 3319 1557 3387 σταθήσεται
1576 3316 1670 3383 πάσας

356 3398 407 3465 τὰς
418 3399 518 3471 γενεάς
534 3407 586 3456 τοῦ
598 3398 710 3464 αἰῶνος.
736 3401 785 3455 καί
797 3391 968 3472 τῷῬαφαήλ
979 3393 1054 3456 εἶπε·
1066 3399 1198 3473 πορεύου,
1207 3395 1338 3472 Ῥαφαήλ,
1350 3403 1399 3457 καί
1407 3403 1493 3470 δῆσον
1505 3401 1556 3458 τόν
1574 3397 1670 3470 Ἄζαήλ

356 3487 437 3556 χερσί
459 3487 508 3541 καί
533 3487 602 3541 ποσί
625 3485 799 3554 συμπόδιοον
818 3483 904 3540 αὐτόν
922 3487 970 3540 καί
988 3485 1058 3558 βάλε
1076 3480 1163 3541 αἰτόν
1186 3486 1227 3552 είς
1243 3485 1277 3541 τό
1296 3487 1398 3551 σκότος
1418 3489 1468 3542 καί
1485 3481 1602 3554 άνοιξσν
1619 3489 1669 3555 τήν

359 3565 466 3642 ἔρημον
483 3573 534 3639 τήν
552 3563 640 3626 οὖσαν
653 3566 732 3642 ἐντῷ
751 3566 866 3643 [ἐρήμῳ]
885 3573 1013 3640 Δοιδαήλ
1030 3573 1079 3626 καί
1097 3567 1159 3627 ἐκεῖ
1173 3573 1325 3642 πορευθείς
1341 3569 1412 3644 βάλε
1425 3569 1524 3626 αέτόν·
1542 3572 1592 3626 καί
1603 3566 1669 3626 ἐπό-

359 3659 409 3720 θες
418 3651 495 3727 αὐτῷ
510 3655 608 3720 λίθους
621 3651 755 3720 δξεῖς“καὶ
767 3655 865 3720 λίθους
876 3663 989 3726 τραχεῖς
998 3657 1047 3710 καί
1059 3652 1236 3725 ἐπεκάλυψαν
1249 3653 1325 3728 αι’τῷ
1340 3655 1450 3721 σκότος,
1462 3657 1511 3710 καί
1527 3653 1669 3724 οίκησάτω

359 3735 421 3794 ἐκεῖ
435 3737 476 3804 είς
494 3737 545 3794 τόν
564 3737 663 3804 αἰῶνα,
681 3740 729 3794 καί
747 3741 797 3807 τήν
816 3733 885 3808 όψιν
908 3737 996 3795 αἰτοῦ
1013 3735 1163 3807 πάιμασον,
1182 3741 1230 3794 καί
1250 3747 1311 3810 φῶς
1327 3741 1366 3809 μή
1384 3741 1537 3812 θεωρείτω.
1572 3741 1621 3796 καί
1639 3737 1670 3795 ἐν

359 3829 393 3892 τή
411 3821 503 3898 ήμέρᾳ
521 3829 570 3891 τῆς
586 3824 707 3894 κρίσεως
724 3819 923 3894 άπαχθήσεται
940 3821 981 3888 εἰς
998 3822 1049 3879 τόν
1067 3820 1246 3894 ἐμπυρισμὸν
1263 3831 1315 3878 τοῦ
1331 3824 1427 3895 πυρός.
1457 3825 1505 3879 καί
1524 3819 1602 3879 ἴασαι
1619 3827 1669 3892 τήν

359 3915 419 3978 γήν,
440 3908 473 3978 ήν
492 3908 633 3979 ήφάνιοαν
652 3905 680 3962 ολ
697 3905 857 3980 ἐγρήγοροι,
875 3910 925 3963 καί
941 3909 992 3977 τήν
1011 3903 1085 3964 ἴασιν
1103 3915 1153 3976 τής
1174 3915 1225 3978 γῆς
1242 3909 1377 3976 δήλωσον,
1397 3903 1446 3963 ἵνα
1466 3907 1602 3964 ίάσωνται
1620 3911 1670 3977 τήν

360 3996 412 4060 γῆν
428 3993 478 4046 καί
494 3995 533 4062 μή
552 3991 716 4048 ἀπόλωνται
739 3991 844 4058 πάντες
863 3989 891 4048 σί
908 3989 965 4068 υἱοί
981 4000 1038 4048 τῶν
1056 3990 1221 4064 ἀνθρώπων
1239 3989 1327 4066 ἐντῷ
1345 3994 1488 4066 μυστηρίῳ
1507 3990 1524 4048 δ
1541 3986 1624 4049 εἶπον
1643 3989 1670 4047 οὶ

443 4126 476 4192 X,
495 4129 511 4182 2
531 4129 564 4182 cf.
583 4129 708 4184 Clemens
726 4129 845 4199 Βεοοςα.
864 4129 903 4182 1v
916 4129 957 4196 26,
969 4131 1002 4184 27
1020 4129 1210 4199 Recogn.129
1228 4127 1316 4182 Julius
1333 4127 1477 4183 Africanus
1495 4129 1568 4200 apud
1586 4129 1669 4184 Geor·

360 4209 437 4280 gium
455 4212 615 4282 Synoellum
632 4231 657 4284 p.
676 4215 710 4269 20
728 4213 801 4269 (θυαε
818 4232 843 4285 p.
863 4215 897 4269 35
915 4213 996 4268 Dind.

445 4348 466 4402 4
484 4349 590 4414 οιδεςΡ
607 4350 611 4416 Ι
627 4349 644 4405 7
663 4341 742 4405 είτεν
758 4353 827 4410 <A
843 4353 847 4414 Ι
862 4351 931 4422 περὶ
947 4343 1061 4405 τούτων
1079 4365 1127 4403 aus
1145 4349 1194 4403 der
1212 4349 1454 4420 vorhergehenden
1467 4348 1540 4403 Zeila
1557 4349 1669 4403 wieder·

360 4431 422 4487 holt
439 4441 472 4492 <
491 4435 515 4488 A
533 4433 634 4504 Syna!
653 4435 673 4492 8
691 4427 770 4490 εἶπεν
786 4436 836 4489 καί
854 4443 888 4494 <
905 4438 930 4489 A
948 4435 1027 4503 Sync.
1047 4436 1051 4502 Ι
1074 4436 1113 4490 10
1138 4428 1286 4490 ἀπολεῖται
1305 4434 1368 4502 AN
1388 4428 1445 4489 ἐστ’
1463 4429 1503 4504 ε’ν]
1525 4451 1605 4489 εστιν
1622 4434 1644 4487 Ρ

362 4517 400 4574 Ιό
418 4515 469 4572 lies
487 4511 618 4588 Δονδαήλ
634 4521 638 4586 Ι
654 4515 752 4584 ἐπίθες
770 4520 794 4573 A
817 4521 823 4584 1
848 4519 886 4575 18
904 4524 939 4588 τῇ
956 4514 1067 4588 μεγάλη
1084 4519 1117 4587 A]
1141 4527 1192 4587 τῆς
1208 4514 1334 4588 μεγάλης
1350 4519 1372 4572 Ρ
1394 4523 1444 4587 τῆς
1465 4512 1591 4589 μεγάλης
1611 4519 1668 4587 κρί-

361 4619 435 4667 σεως
453 4603 476 4657 D
500 4607 504 4666 Ι
531 4603 568 4660 19
587 4601 666 4660 ίαοαι
684 4598 736 4672 τήν
752 4609 807 4673 γῆν
823 4605 847 4657 A
866 4605 946 4673 Sync.
967 4605 1142 4673 Ιιφανειοαν
1160 4603 1182 4658 Ρ
1207 4607 1210 4671 Ι
1235 4603 1275 4660 20
1290 4597 1339 4660 ἵνα
1356 4597 1405 4674 μή]
1425 4606 1473 4660 καί
1490 4598 1529 4672 μή
1549 4605 1573 4657 A
1590 4603 1670 4672 Sync.

362 4705 408 4741 ινα
426 4706 482 4757 μην
500 4689 521 4744 P
