3734 5532
346 501 386 562 26
893 491 971 548 Bueh
988 489 1111 547 Henoch.

346 657 478 736 ἑαυτοῖς
508 672 681 743 γυναῖκας,
708 661 763 726 καὶ
790 650 939 742 ἤρξαντο
966 651 1217 743 είςπορεόεσθαι
1244 648 1330 742 πρὸς
1358 648 1462 736 αότάς
1486 659 1542 724 καὶ
1568 659 1656 742 μιαί-

346 766 464 826 νεσθαι
494 760 532 826 ἐν
558 750 676 838 αάταῖς
701 761 756 825 καί
783 761 938 840 ἐδίδαξαν
964 749 1070 836 αότάς
1100 757 1308 842 φαρμακείας
1333 757 1388 822 καί
1413 751 1574 835 ἐπαοιδὰς
1600 761 1656 825 καί

346 856 539 943 ῥιζοτομίας
564 862 621 924 καὶ
646 853 709 938 τάς
735 851 883 938 βοτάνας
909 850 1084 942 ἐδήλωσαν
1111 849 1236 936 αὐταῖς.
1289 863 1308 923 2
1338 856 1386 922 AI*
1411 857 1446 922 δὲ
1471 857 1509 924 ἐν
1537 860 1657 941 γαστρί

346 960 507 1038 λαβοῦσαι
529 955 690 1024 ἐτέκοσαν
706 962 867 1043 γίγαντας
882 950 1047 1042 μεγάλους
1062 955 1099 1022 ἐκ
1117 959 1238 1041 πηχῶν
1261 961 1467 1042 τρισχιλίων,
1491 965 1509 1026 3
1532 956 1657 1036 οίτινες

312 1051 567 1143 οκατήοθοσαν
594 1053 674 1136 τούς
700 1051 829 1135 κόπους
855 1060 929 1124 τῶν
956 1047 1166 1138 ἀνθρώπων.
1209 1048 1262 1134 οός
1289 1057 1330 1122 δὲ
1356 1049 1418 1124 οάκ
1440 1049 1657 1140 ἐδυνήθησαν

347 1151 463 1236 αὐτοῖς
479 1158 511 1226 οί
526 1151 712 1240 ἄνθρωποι
727 1157 948 1242 ἐπιχορηγεῖν,
972 1163 991 1224 4
1010 1151 1042 1222 οἱ
1057 1157 1212 1240 γίγαντες
1226 1147 1417 1240 ἐτόλμησαν
1430 1146 1482 1222 ἐπ’
1499 1147 1656 1239 αά<το>ἀς

345 1259 402 1323 καὶ
417 1259 650 1341 κατησθίοσαν
665 1251 746 1335 τοάς
761 1247 980 1340 ἀνθρώπους.
1016 1265 1034 1323 5
1056 1255 1111 1320 καί
1132 1247 1279 1339 ήρξαντο
1295 1245 1501 1339 ἁμαρτάνειν
1525 1255 1562 1321 ἐν
1583 1267 1657 1333 τοῖς

344 1371 515 1435 πετεινοῖς
550 1347 606 1422 καί
637 1369 710 1434 τοῖς
741 1356 907 1440 <θ>ηρίοις
937 1358 994 1422 καὶ
1029 1351 1183 1437 ἑρπετοῖς
1213 1355 1270 1420 καί
1300 1369 1374 1432 τοῖς
1403 1347 1570 1438 <ί>χθόσιν
1600 1357 1658 1420 καὶ

347 1445 511 1540 ἀλλήλων
533 1450 595 1534 τάς
618 1447 776 1540 <σ>άρκας
796 1457 1001 1536 κατεσθίειν,
1022 1446 1134 1520 καὶτὸ
1159 1446 1241 1538 αίμα
1264 1453 1391 1520 ἔπινον.
1428 1463 1447 1522 6
1469 1445 1551 1520 τότε
1573 1444 1593 1538 ή
1615 1455 1658 1538 γή

296 1569 329 1623 10
346 1553 503 1638 ἐνέτυχεν
523 1549 612 1622 κατά
634 1556 708 1622 τῶν
728 1544 875 1639 ἀνόμων.

430 1655 522 1735 VIII,
546 1663 562 1722 1
585 1645 750 1735 Ἐδίδαξεν
771 1648 853 1730 τούς
887 1644 1095 1735 ἀνθρώπους
1122 1641 1240 1736 Ἀζαήλ
1267 1654 1430 1734 μαχαίρας
1463 1664 1575 1718 ποιεῖν
1603 1653 1659 1717 καί

348 1744 439 1822 όπλα
460 1755 515 1819 καί
541 1745 683 1830 ἀσπίδας
710 1755 765 1818 καί
778 1749 968 1844 θώρακας,
999 1743 1196 1834 [διδάγματα
1218 1742 1390 1836 ἀγγέλων,Ι
1412 1752 1467 1818 καί
1488 1742 1660 1833 ἀπέδειξεν

348 1844 465 1930 αὐτοῖς
491 1846 535 1919 τά
561 1853 712 1938 μέταλλα
732 1855 789 1920 καί
811 1847 876 1937 τήν
906 1852 1062 1935 ἐργασίαν
1089 1841 1205 1917 αὐτῶν
1231 1853 1287 1916 καὶ
1313 1853 1414 1932 ψέλια
1434 1849 1491 1917 καί
1512 1842 1660 1935 κόσμους

347 1956 403 2018 καί
419 1954 612 2032 στίβειςκαί
627 1947 668 2020 τό
683 1953 957 2034 καλλιβλέφαρον
977 1951 1034 2015 καί
1053 1953 1240 2028 παντοίους
1261 1951 1383 2028 λίθους
1403 1946 1583 2028 ἐκλεκτοὺς
1604 1953 1661 2017 καὶ

298 2046 391 2118 15τά
418 2044 553 2135 βαφικά.
600 2058 619 2118 2
646 2053 701 2117 καὶ
727 2049 861 2134 ἐγένετο
889 2042 1019 2129 ἀσέβεια
1044 2041 1173 2135 πολλή,
1195 2051 1251 2115 καί
1273 2041 1480 2132 ἐπόρνευσαν
1501 2053 1557 2116 καὶ
1579 2042 1660 2118 ἀπε-

346 2144 574 2236 πλανήθησαν
589 2153 644 2216 καί
659 2143 899 2236 ἠφανίσθησαν
913 2149 950 2215 ἐν
965 2141 1088 2227 πάσαις
1102 2161 1177 2226 ταῖς
1191 2137 1283 2226 δδοῖς
1299 2140 1424 2215 αὐτῶν.
1459 2155 1478 2217 3
1493 2151 1662 2233 Σεμιαζάς

348 2249 496 2331 ἐδίδαξεν
531 2245 726 2335 ἐπα<οι>δάς
759 2250 815 2316 καί
845 2245 1051 2332 ὁιζοτομίας,
1089 2239 1257 2334 Ἀρμορώς
1287 2247 1460 2315 ἐπαοιδῶν
1491 2242 1660 2334 λυτήριον,

346 2340 486 2434 Ῥακιήλ
501 2341 734 2432 ἀστρολογίας,
750 2345 890 2433 Χωχιήλ
905 2341 948 2414 τά
964 2340 1176 2432 σημειωτικά,
1192 2341 1363 2430 Σαθ<ι>ήλ
1380 2339 1660 2432 ἀστεροσκοπίαν,

348 2443 509 2533 Σεριή<λ>
525 2451 784 2533 σεληναγωγίας.
819 2454 839 2514 4
862 2449 936 2512 τῶν
950 2435 1012 2514 οὖν
1034 2439 1236 2530 ἀνθρώπων
1249 2437 1500 2532 ἀπολλυμένων
1522 2439 1541 2531 ή
1563 2443 1660 2532 βΙοή>

298 2558 337 2614 29
350 2549 396 2627 εἰς
418 2539 584 2631 οόρανούς
606 2538 716 2630 ἀνέβη.
820 2613 824 2621 ,

350 2699 471 2768 Πρῶτος
487 2692 584 2766 Ἀζαήλ
597 2693 613 2751 δ
625 2695 743 2762 δέκατος
758 2703 816 2752 τῶν
837 2693 984 2766 ἀρχόντων
1002 2692 1108 2761 ἐδίδαξε
1128 2703 1222 2750 ποιεῖν
1241 2697 1386 2767 μαχαίρας
1403 2697 1452 2752 καί
1463 2693 1602 2768 θώρακας
1612 2700 1662 2753 καί

350 2789 409 2838 πᾶν
426 2789 527 2848 σκεῦος
544 2779 701 2850 πολεμικὸν
712 2783 762 2836 καί
778 2779 812 2836 τά
831 2778 957 2849 μέταλλα
970 2790 1019 2847 τῆς
1030 2786 1081 2852 γῆς
1096 2781 1146 2834 καί
1156 2777 1190 2834 εδ
1207 2780 1332 2850 χρυσίον,
1346 2785 1406 2846 πῶς
1418 2776 1595 2852 ἐργάσωνται
1613 2783 1663 2836 καί

351 2868 506 2936 ποιήσωσιν
519 2862 590 2922 αάτά
603 2864 709 2933 κόσμια
719 2871 781 2931 ταῖς
792 2866 909 2935 γυναιξί,
926 2867 976 2920 καί
987 2863 1038 2920 τδν
1051 2859 1185 2935 ἀργορον.
1220 2858 1306 2929 ἔδειξε
1324 2861 1353 2919 δὲ
1371 2862 1468 2931 αὐτοῖς
1484 2867 1532 2921 καί
1544 2863 1578 2920 εδ
1591 2866 1662 2922 στίλ·

349 2957 411 3024 βειν
423 2949 466 3020 Ιτδ
479 2951 611 3024 στιβίςειν
622 2949 708 3019 Diels)
719 2952 768 3004 καί
779 2947 812 3005 τδ
826 2951 1012 3017 καλλωπίζειν
1023 2949 1072 3004 καί
1083 2945 1150 3013 τοὺς
1168 2944 1316 3013 ἐκλεκτοὺς
1327 2948 1425 3014 λίθους
1435 2951 1484 3004 καί
1496 2946 1531 3004 τά
1543 2947 1661 3021 βαφικά.

349 3037 399 3091 καί
416 3032 554 3104 ἐποίησαν
572 3029 684 3099 ἑαυτοῖς
701 3030 730 3090 οί
740 3030 797 3089 υίοί
813 3039 871 3090 τῶν
884 3030 1048 3105 ἀνθρώπων
1065 3033 1114 3088 καί
1130 3039 1193 3097 ταῖς
1209 3031 1386 3104 θυγατράσιν
1404 3030 1498 3089 αὐτῶν
1509 3036 1558 3088 καί
1576 3032 1661 3104 παρέ-

331 3125 441 3192 -βησαν
458 3121 508 3174 καί
525 3116 687 3188 ἐπλάνησαν
704 3117 770 3183 τοὺς
793 3113 899 3188 ἀγίους,
921 3119 970 3173 καί
987 3113 1099 3186 ἐγένετο
1126 3112 1242 3187 ἀσέβεια
1269 3117 1358 3184 πολλή
1381 3113 1428 3172 ἐπί
1449 3123 1499 3186 τῆς
1520 3124 1579 3189 γῆς-
1614 3120 1663 3172 καί

352 3203 493 3274 ἠφάνισαν
515 3201 567 3269 τάς
590 3198 673 3268 όδοάς
699 3200 801 3258 αὐτῶν.
837 3195 878 3258 ἐτι
900 3201 930 3258 δέ
950 3203 1000 3256 καί
1017 3197 1033 3256 ό
1052 3197 1223 3273 πρώταρχος
1249 3198 1343 3256 αὐτῶν
1365 3204 1511 3270 Σεμιαζᾶς
1537 3199 1661 3268 ἐδίδαξεν

351 3286 486 3354 ἐπαοιδὰς
510 3285 584 3343 κατά
602 3294 654 3342 τοῦ
675 3285 743 3353 νοὸς
764 3289 814 3343 καί
835 3285 916 3359 ῥίζας
934 3289 1066 3358 βοτανῶν
1087 3291 1137 3352 τῆς
1154 3295 1213 3354 γῆς.
1248 3281 1312 3342 όδέ
1334 3279 1483 3352 ἑνδέκατος
1501 3285 1662 3358 Φαρμαρδς

351 3371 474 3440 ἐδίδαξεν
493 3372 674 3445 φαρμακείας
691 3368 827 3437 ἐπαοιδὰς
850 3373 953 3441 σοφίας
974 3372 1023 3427 καί
1040 3366 1182 3426 ἐπαοιδῶν
1203 3371 1328 3440 λυτήρια.
1363 3366 1380 3425 δ
1403 3365 1521 3437 ἐννατος
1538 3369 1663 3437 ἐδίδαξεν

351 3456 573 3530 ἀστροσκοπίαν.
610 3453 674 3512 δδέ
691 3454 826 3529 τέταρτος
843 3452 967 3522 ἐδίδαξεν
985 3452 1184 3527 ἀστρολογίαν.
1220 3451 1284 3510 δδέ
1302 3449 1405 3526 δγδοος
1430 3451 1554 3522 ἐδίδαξεν
1581 3451 1662 3527 ἀερο-

352 3544 481 3598 οκοπίαν.
518 3539 534 3596 ὁ
552 3539 582 3596 δὲ
598 3542 693 3613 τρίτος
710 3537 816 3607 ἐδίδαξε
834 3538 869 3596 τὰ
889 3547 991 3610 σημεῖα
1009 3545 1059 3608 τῆς
1075 3545 1134 3610 γῆς.
1171 3536 1187 3593 ὁ
1205 3537 1235 3594 δὲ
1252 3533 1375 3610 ἕβδομος
1386 3535 1492 3606 ἐδίδαξε
1504 3538 1539 3596 τά
1558 3548 1662 3609 σημεῖα

351 3634 402 3682 τοῦ
419 3626 507 3696 ήλίον.
543 3622 559 3679 δ
577 3624 607 3680 δὲ
625 3623 754 3692 εἰκοστὸς
771 3621 896 3690 ἐδίδαξεν
913 3623 948 3680 τά
968 3631 1070 3694 σημεῖα
1088 3630 1137 3692 τῆς
1155 3626 1278 3693 σελήνης.
1314 3621 1426 3690 Πάντες
1443 3616 1521 3680 οὗτοι
1539 3623 1662 3696 ἤρξαντο

352 3709 560 3768 ἀνακαλίπτειν
572 3707 608 3764 τὰ
617 3711 756 3782 μυστήρια
768 3717 831 3775 ταῖς
840 3711 967 3780 γυναιξίν
979 3706 1073 3764 αάτῶν
1084 3710 1134 3764 καί
1142 3717 1202 3774 τοῖς
1213 3707 1323 3773 τέκνοις
1333 3703 1434 3764 αὐτῶν.
1450 3707 1523 3777 μετὰ
1535 3707 1663 3765 δὲταῦτα

353 3795 474 3867 ήρξαντο
494 3791 523 3849 οί
539 3795 670 3864 γίγαντες
686 3795 848 3850 κατεσθίειν
865 3792 917 3860 τάς
939 3792 1047 3867 σάρκας
1068 3799 1126 3848 τῶν
1148 3789 1321 3866 ἀνθρώπων.
1361 3793 1411 3848 καί
1427 3789 1549 3866 ήρξαντο
1568 3789 1596 3848 οἳ
1614 3787 1663 3849 ἀν-

438 3929 489 3984 VII
507 3931 524 3986 2
542 3929 576 3984 cf.
594 3927 676 3984 Liber
692 3929 776 3986 Jubil.
795 3929 901 3993 vl122,
919 3930 1112 3998 Athenagoras
1129 3928 1244 3998 Legsfio
1265 3929 1306 3994 24,
1320 3930 1360 3984 39.
1386 3927 1500 3983 Hennes
1513 3927 1563 3984 1.1.
1581 3927 1661 3984 Com·

351 4015 496 4072 modianus
513 4016 593 4071 Iustr.
611 4015 624 4068 I
641 4015 702 4081 33
725 4014 814 4070 Julius
835 4015 981 4070 Afi'ieenus
1004 4031 1046 4084 up.
1065 4013 1097 4067 G.
1115 4012 1273 4082 syncellum
1295 4031 1321 4083 p.
1339 4013 1373 4068 20
1396 4013 1470 4068 Gom·
1485 4031 1512 4083 p.
1530 4014 1563 4067 35
1581 4011 1663 4066 Dind.

351 4099 522 4170 Augustinus
539 4099 574 4154 de
591 4098 642 4153 civ.
662 4098 707 4154 dei
722 4099 774 4154 XV
792 4101 833 4156 23.
845 4103 870 4155 4.
888 4131 921 4140 —
940 4099 1005 4153 VIII
1017 4097 1044 4152 ffi
1063 4098 1097 4154 of.
1115 4097 1188 4153 Terb.
1206 4097 1240 4151 de
1258 4096 1334 4152 cultu
1350 4097 1414 4154 fem.
1432 4099 1480 4162 12,
1499 4099 1525 4150 II
1539 4097 1579 4152 10.
1598 4096 1664 4167 Cyp.

352 4185 386 4239 de
397 4183 484 4238 habit.
503 4183 571 4254 virg.
582 4187 623 4238 14.
642 4183 767 4238 Clemens
785 4183 863 4239 Alex.
875 4183 933 4239 uu.
945 4184 1040 4254 proph.
1055 4184 1098 4240 53.
1110 4181 1193 4237 Pissis
1211 4181 1313 4252 Sophia
1330 4199 1355 4252 p.
1368 4185 1410 4238 25.
1436 4181 1518 4236 Liber
1529 4181 1619 4236 Adsm
1637 4185 1665 4236 εί

351 4267 427 4324 Evae
444 4269 469 4322 II
487 4267 559 4324 19ff.
594 4266 806 4324 commodianus
824 4270 904 4324 lustr.
922 4269 934 4322 I
952 4267 1044 4332 3‚9ff.
1078 4267 1237 4322 Lactantius
1263 4268 1330 4323 lust.
1348 4267 1374 4320 II
1392 4268 1433 4322 16.
1455 4297 1488 4306 -
1518 4267 1611 4322 1ίΙΙΙ3
1630 4265 1664 4320 ef.

351 4353 433 4407 Liber
449 4353 533 4408 Jubil.
552 4351 619 4407 VIII
630 4353 655 4408 3.
673 4351 762 4406 Julius
780 4352 926 4407 Africanus
944 4351 1017 4424 spud
1036 4351 1068 4406 G.
1081 4350 1239 4420 Synsellum
1256 4369 1282 4422 p.
1300 4353 1334 4407 20
1352 4351 1427 4406 (1οω
1443 4369 1469 4422 p.
1487 4353 1521 4406 35
1538 4349 1664 4406 Dindorf.

438 4488 483 4554 1Ι2
495 4488 651 4559 μίγνυσθαι
668 4491 692 4542 Α
707 4489 712 4557 Ι
727 4489 746 4545 3
765 4483 795 4543 αί
812 4487 895 4556 Lods]
914 4505 947 4544 εν
961 4489 965 4554 Ι
980 4489 1086 4558 γαστρί
1103 4486 1137 4555 D]
1153 4503 1275 4558 γαστριν
1289 4488 1327 4554 15
1346 4488 1533 4542 κατεσθοσαν
1547 4487 1552 4553 Ι
1568 4475 1607 4550 ὡς
1625 4481 1665 4555 δὲ]

352 4567 406 4637 ἕως
422 4576 447 4626 Δ
463 4574 467 4640 Ι
492 4575 509 4629 7
526 4573 723 4630 κατεσθίοσαν
737 4573 742 4640 Ι
757 4571 776 4628 9
794 4565 893 4627 ἐπινον
909 4572 943 4640 D]
967 4589 1069 4628 πιννον
1083 4575 1087 4638 Ι
1109 4573 1144 4628 11
1160 4565 1271 4641 ι’ίζαζήλ
1289 4572 1416 4626 Ιιοαεειιε
1431 4571 1436 4640 Ι
1452 4571 1491 4628 16
1509 4572 1663 4638 εφανισθη-

354 4673 408 4712 σαν
422 4657 427 4724 Ι
443 4657 481 4714 19
501 4660 708 4728 οεληνοναγιας
723 4657 728 4726 Ι
741 4675 795 4713 τον
812 4657 889 4726 νουν]
914 4657 987 4712 verb.
1005 4656 1029 4710 D
1046 4659 1049 4724 Ι
1070 4651 1151 4726 φωνή
1170 4663 1202 4720 -Ι-
1221 4655 1300 4722 Lotis,
1318 4649 1375 4726 βοή
1393 4656 1421 4711 C.
