3734 5532
358 496 397 558 36
895 492 972 546 Buoh
990 493 1112 552 Henoch.

358 642 506 734 ὄψονται
535 659 590 722 καὶ
621 657 675 723 ἐπὶ
702 661 744 742 τῇ
766 649 917 748 ἀπωλείᾳ
939 664 1013 728 τῶν
1033 661 1120 730 υἱῶν
1141 653 1257 728 αὐτῶν
1278 653 1493 742 στενάξουσιν
1513 661 1569 727 καὶ
1591 661 1663 746 δεη-

355 748 523 840 θήσονται
549 757 595 834 εἰς
621 751 684 824 τὸν
706 759 825 838 αἰῶνα,
846 763 903 826 καὶ
924 752 987 828 ούκ
1005 758 1098 829 ἐσται
1120 754 1235 840 αὐτοις
1257 761 1304 840 εἰς
1324 757 1422 828 ἔλεον
1444 763 1500 826 καὶ
1521 752 1663 846 εἰρήνην.

437 854 522 935 XIII,
537 864 553 922 1
569 846 652 922 Οδὲ
666 846 770 940 Ἔνάχ
785 883 836 943 τῳ
819 850 969 946 ’Ἀζαήλ
984 857 1091 928 εἶπεν·
1112 855 1269 946 πορεύου,
1285 852 1346 928 ούκ
1361 858 1454 926 ἔσται
1469 877 1522 926 σοι
1537 853 1662 946 εἰρήνη,

354 967 456 1040 κρίμα
481 957 563 1040 μέγα
589 956 733 1041 ἐξῆλθεν
758 953 846 1024 κατὰ
873 961 934 1026 σού
965 963 1062 1079 δήοαί
1084 981 1128 1040 σε,
1172 952 1320 1028 2καλ’
1300 953 1404 1043 ανοχή
1426 959 1481 1026 καὶ
1503 954 1663 1044 ἐριύτησίς

319 1055 408 1120 5σοι
435 1045 496 1122 ούκ
527 1053 618 1122 ἔσται
648 1059 725 1141 περὶ
756 1045 807 1122 ιύν
837 1056 962 1174 ἔδειξας
988 1053 1205 1146 ἀδικημάτων
1231 1062 1287 1126 καὶ
1312 1062 1388 1146 περὶ
1414 1051 1559 1124 πάντων
1589 1061 1662 1125 τῶν

355 1152 465 1238 ἔργων
479 1158 554 1221 τῶν
568 1146 729 1236 ἀσεβειῶν
743 1160 799 1224 καὶ
820 1159 881 1243 τῆς
902 1151 1031 1238 ἀδικίας
1052 1164 1109 1228 καὶ
1130 1161 1191 1245 τῆς
1213 1150 1384 1244 ἁμαρτίας,
1407 1146 1470 1224 ὅσα
1490 1149 1662 1240 ύπέδειξας

354 1267 428 1331 τοῖς
456 1245 664 1339 ἀνθρώποις.
716 1262 734 1324 3
758 1280 837 1324 τοτε
858 1260 1096 1344 πορευθείς”
1066 1283 1181 1376 ειρηκα
1207 1261 1310 1326 πᾶσιν
1338 1249 1463 1336 αύτοῑς,
1485 1259 1541 1323 καὶ
1564 1248 1662 1324 αὐτοὶ

353 1343 479 1431 πάντες
509 1347 738 1440 ἐφοβήθησαν,
768 1358 824 1422 καὶ
856 1356 974 1440 ἐλαβεν
1003 1351 1129 1436 αύτούς
1159 1349 1284 1443 τρόμος
1312 1359 1368 1424 καὶ
1395 1348 1510 1438 φόβος.
1563 1355 1661 1424 4καί

353 1442 534 1537 ἠρώτησαν
549 1446 643 1533 ὅπως
658 1448 779 1538 γράψω
801 1448 917 1535 αὐτοῖς
937 1449 1163 1543 ύπομνήματα
1185 1451 1392 1544 ἐρωτήσεως,
1415 1454 1471 1522 ἵνα
1490 1457 1661 1540 γένωνται

302 1553 336 1608 10
354 1542 468 1630 αὐτοῖς
499 1547 615 1667 ἀφεσις
645 1553 717 1636 (καὶ
737 1547 939 1642 μακρότης>,
965 1556 1068 1624 καὶΐ
1066 1580 1107 1624 να
1115 1548 1239 1676 ‘666'
1218 1559 1378 1671 αναγνῶ
1378 1547 1494 1634 αύτολς
1516 1548 1557 1622 τὸ
1579 1546 1661 1622 666-

352 1673 466 1735 μνημα
481 1653 541 1736 τῆς
556 1646 754 1737 ἐρωτήσεως
770 1652 922 1724 ἐνιύπιον
935 1659 1054 1738 κυρίου
1067 1657 1131 1724 τοῦ
1132 1648 1302 1773 ούρανοῦ.
1324 1665 1342 1723 5
1358 1644 1413 1722 ὅτι
1428 1645 1525 1720 αὐτοὶ
1547 1645 1660 1720 ούκέτι

352 1742 514 1816 δύνανται
540 1753 682 1836 λαλῆσαι
704 1745 781 1821 ου’δέ
801 1755 922 1838 ἐπᾶραι
943 1747 1060 1872 a6t6v
1082 1751 1162 1836 τούς
1186 1727 1388 1840 δφθαλμάύς
1410 1755 1457 1832 είς
1477 1747 1540 1821 τὸν
1562 1745 1661 1869 ούρα·

353 1843 415 1914 νόν
442 1840 510 1916 ἀπὸ
536 1847 692 1936 αἰσχύνης
718 1841 846 1940 περὶ
818 1877 868 1920 ων
890 1847 1138 1940 ήμαρτήκεισαν
1158 1857 1214 1920 καὶ
1235 1857 1494 1970 261666666666.
1538 1859 1557 1920 6
1580 1846 1659 1920 τότε

350 1943 479 2032 ἔγραψα
494 1943 535 2016 τὸ
549 1943 732 2037 ύπύμνημα
747 1954 808 2038 τῆς
822 1947 1020 2038 ἐρωτήσεως
1042 1945 1234 2022 αὐτῶνκαὶ
1256 1948 1318 2032 τὰς
1339 1945 1465 2038 δεήσεις
1486 1956 1564 2038 περὶ
1585 1954 1660 2018 τῶν

299 2053 331 2108 15
349 2040 553 2132 πνευμάτων
566 2043 684 2118 αύτῶν
698 2054 754 2118 καὶ
769 2055 846 2136 περὶ
863 2041 914 2119 οάν
929 2054 1073 2134 δέονται,
1096 2041 1191 2132 ὅπως
1213 2045 1328 2120 αὐτῶν
1350 2055 1517 2137 γένωνται
1539 2046 1659 2134 ἄφεσις

348 2148 404 2212 καὶ
429 2140 608 2233 μακρότης.
651 2159 669 2216 7
691 2154 745 2216 καὶ
767 2154 948 2236 πορευθεὶς
969 2145 1110 2218 ἐκάθισα
1132 2153 1187 2222 ἐπὶ
1209 2155 1283 2220 τῶν
1303 2143 1442 2220 ύδάτων
1463 2145 1535 2216 Δάν
1556 2149 1594 2216 ἐν
1588 2153 1657 2267 γῇ

349 2237 470 2326 Δάν,ο
448 2271 524 2332 ητις
545 2249 636 2316 ἐστὶν
662 2251 698 2318 ἐκ
725 2252 847 2333 δεξιῶν
867 2243 1080 2337 Ἑρμωνειελμ
1101 2246 1235 2330 δύσεως.
1261 2243 1491 2336 ἀνεγίνωσκον
1513 2243 1555 2318 τὸ
1576 2239 1659 2318 ύπά·

347 2367 459 2430 μνημα
486 2349 560 2414 τῶν
586 2343 734 2435 δεήσεων
756 2343 887 2430 αὐτῶν,
920 2347 984 2429 ἕως
1010 2345 1203 2438 ἐκοιμήδην.
1246 2353 1341 2420 8καὶ
1362 2345 1436 2416 1δοὺ
1447 2337 1658 2466 ὄνειρριέπ’

348 2443 404 2528 ἐμέ
433 2432 547 2559 ήλθον
575 2440 681 2514 καλε
662 2442 866 2536 οράσειςπ
824 2441 875 2516 ἐπ’
903 2449 958 2535 ἐμὲ
987 2449 1177 2518 ἐπέπιπτον
1203 2453 1259 2516 καὶ
1280 2440 1414 2518 εἶδον(
1394 2441 1524 2564 οράσεις
1546 2439 1657 2532 δργής,

296 2549 330 2604 20
346 2545 402 2608 καὶ
428 2531 535 2660 ήλθεν
561 2543 660 2634 φωνὴ
690 2552 847 2634 λέγουσα
868 2548 967 2665 εὶγιον
989 2565 1061 2628 τοῖς
1083 2547 1166 2630 υἱοῖς
1188 2553 1251 2666 τού
1273 2542 1420 2668 ούρανοῦ
1441 2549 1505 2616 τού
1527 2547 1656 2632 ἐλέγξαι

346 2634 478 2722 αύτούς.
529 2651 625 2714 9καὶ
655 2646 799 2731 ἔξυπνος
829 2642 1011 2735 γενόμενος
1041 2637 1153 2768 ήλδον
1178 2643 1265 2733 πρὸς
1290 2640 1430 2728 αύτούς,
1452 2649 1506 2714 καὶ
1528 2639 1657 2724 πάντες

345 2745 545 2827 συνηγμένοι
566 2740 738 2834 ἐκάθηντο
760 2750 1007 2828 πενθοῦντεςέ
1011 2775 1030 2816 ν
1051 2741 1280 2830 Ἑβέλσατα,”
1258 2773 1332 2834 ητις
1354 2739 1487 2814 ἐστὶν
1467 2741 1532 2814 ανά
1554 2747 1657 2832 μέσον
1733 2747 1737 2755 “

345 2842 409 2907 τοῦ
423 2836 573 2921 Λιβάνου
594 2849 650 2914 καὶ
671 2841 831 2933 Σενεσήλ,
854 2851 1172 2934 περικεκαλυμμένοι
1194 2843 1258 2932 τήν
1280 2835 1363 2929 ὄψιν
1410 2854 1446 2914 10
1470 2869 1489 2902 ε
1512 2870 1530 2902 ε
1553 2869 1571 2903 ⁴*
1595 2869 1614 2903 υ
1637 2869 1656 2903 υ

344 2961 363 2995 ⁴*
386 2963 404 2996 ἥ
427 2963 445 2997 ⁴*
468 2965 487 2998 ε
515 2941 664 3014 ένυδπιον
686 2940 802 3014 αὐτῶν
822 2949 879 3014 καὶ
900 2938 1079 3034 άνήγγειλο
1102 2939 1216 3026 αύτοῑς
1237 2939 1346 3026 πάσας
1367 2941 1429 3026 τὰς
1451 2937 1592 3032 δράσεις,
1616 2939 1656 3025 ἃς

294 3054 327 3110 25
344 3039 435 3108 εἶδον
448 3041 536 3112 κατὰ
550 3043 631 3125 τούς
645 3034 781 3164 ύπνους,
796 3045 851 3113 καὶ
866 3039 1017 3132 ἠρξάμην
1031 3051 1146 3114 λαλεῖν
1160 3043 1240 3126 τούς
1255 3040 1377 3130 λόγους
1399 3048 1460 3130 τῆς
1487 3040 1652 3114 δικαιοσύ-

343 3163 405 3224 νης
426 3142 574 3228 ἐλέγχων
596 3140 676 3224 τούς
697 3140 901 3262 ἐγρηγόρους
923 3149 986 3213 τοῦ
1008 3138 1161 3229 ούρανοῦ.

426 3241 510 3324 XIV,
534 3253 549 3312 1
579 3249 702 3326 Βίβλος
730 3238 845 3362 λόγων
868 3239 1090 3361 δικαιοσύνης
1100 3249 1155 3313 καλ
1177 3243 1372 3330 ἐλέγξεωςέ
1374 3237 1554 3329 γρηγόρων
1577 3246 1651 3312 τῶν

343 3329 411 3406 ἀπὸ
434 3343 497 3408 τού
518 3344 644 3422 αἰῶνος
664 3341 751 3412 κατὰ
774 3338 838 3430 τήν
860 3340 1006 3430 ἐντολήν
1028 3370 1090 3412 του
1076 3336 1208 3430 άγίου
1229 3347 1292 3411 τοῦ
1312 3336 1461 3429 μεγάλου
1482 3341 1519 3410 έν
1542 3337 1651 3426 ταύτῃ

343 3441 386 3522 τῇ
401 3430 522 3524 δράσει.
560 3440 660 3529 266
677 3441 767 3511 εἶδον
781 3440 868 3512 κατὰ
883 3440 964 3523 τούς
978 3433 1106 3561 ήπνους
1120 3469 1194 3530 μου,
1218 3435 1322 3512 δνῦν
1343 3445 1432 3527 λέγω
1455 3442 1493 3510 ἐν
1515 3437 1650 3527 γλώσσῃ

291 3549 325 3605 30
342 3543 482 3624 σαρκίνη
509 3543 619 3629 ἐντῷ
651 3537 818 3628 πνεύματι
843 3545 907 3610 τού
932 3536 1100 3628 στόματός
1120 3569 1201 3626 μου,
1225 3533 1243 3610 6
1266 3543 1391 3611 ἔδωκεν
1413 3532 1432 3608 6
1454 3543 1554 3627 μέγας
1576 3555 1650 3620 τοῖς

341 3628 541 3726 ανθρωποις
550 3647 663 3712 λαλεῖν
672 3643 709 3710 ἐν
719 3635 833 3722 αυτοῖς
842 3646 897 3710 καὶ
912 3645 1031 3728 νοήσαι
1045 3646 1173 3732 καρδίᾳ.
1195 3636 1274 3724 3α5ς
1297 3667 1316 3702 ε
1338 3667 1357 3700 ε
1380 3667 1398 3700 ε
1422 3665 1440 3698 ε
1463 3666 1481 3699 ε
1505 3667 1523 3701 υ
1547 3667 1565 3700 ε
1589 3665 1607 3700 υ
1631 3665 1649 3700 ε

423 4153 442 4210 3
460 4155 614 4226 κυρωθεὶς
638 4158 680 4228 τῷ
705 4148 819 4224 Ἄζαζήλ
846 4147 923 4210 εἶπεν
942 4159 968 4210 Α
986 4157 990 4224 Ι
1015 4157 1054 4213 10
1070 4156 1121 4210 καὶ
1137 4151 1286 4226 μακρότης
1303 4173 1399 4226 wegen
1416 4153 1556 4227 γένωνται
1573 4156 1646 4212 nach

338 4239 410 4294 Zoilo
428 4240 460 4295 16
477 4238 657 4310 hinzugefflgt
672 4241 675 4306 Ι
692 4259 812 4310 αναγνοι
831 4241 862 4306 Ρ,
881 4234 979 4311 ἀνάγω
998 4239 1115 4308 11112
1134 4237 1264 4296 δύνονται
1281 4241 1303 4293 Ρ
1323 4241 1327 4308 Ι
1353 4241 1390 4298 13
1409 4242 1543 4296 wahrseh.
1562 4231 1617 4296 666
1639 4243 1642 4310 Ι

339 4323 377 4380 15
395 4326 453 4378 Vor
468 4325 517 4379 καί
533 4325 600 4394 περί
617 4324 708 4379 Lileke
726 4324 812 4378 durch
824 4324 1082 4382 Hcmboteleuton‘?
1106 4316 1471 4396 1ς1.1117Ἔρμὼνκαὶ
1490 4321 1523 4382 ἐκ
1541 4321 1646 4390 δύσεως

336 4399 485 4478 ΒἛρμιδν
502 4401 530 4477 [6
548 4401 629 4474 olum
647 4405 762 4477 δύσεως]
780 4407 855 4462 Diels
875 4409 879 4476 Ι
899 4425 1100 4478 ανεγινωσκων
1117 4409 1139 4462 Ρ
1163 4403 1386 4479 ἀναγιγνώσκων
1407 4409 1431 4462 D
1452 4411 1456 4477 Ι
1482 4409 1519 4466 18
1533 4403 1592 4474 ’ἕως
1610 4410 1643 4480 Α]

336 4483 376 4556 ὥς
393 4493 415 4546 Ρ
431 4495 434 4560 Ι
450 4491 488 4548 22
508 4494 707 4562 σενεβελσατα]
731 4493 805 4548 verb.
824 4493 847 4546 D
863 4494 867 4558 Ι
884 4493 922 4549 23
941 4493 1032 4548 Lflcke
1049 4493 1121 4548 nach
1138 4493 1170 4556 D
1198 4493 1246 4548 der
1263 4495 1325 4562 (καί
1343 4487 1482 4562 ἐλάλησα)
1501 4497 1619 4565 ergfinzt
1638 4497 1641 4564 Ι

335 4575 375 4632 25
393 4579 481 4648 λογος
495 4578 499 4644 Ι
515 4577 553 4634 26
566 4595 617 4642 τος
632 4580 636 4642 Ι
650 4595 828 4650 τουσιρανου
842 4579 846 4645 Ι
862 4567 932 4634 29
920 4565 937 4632 6
956 4595 1007 4632 νυν
1018 4578 1099 4648 Lods]
1122 4597 1163 4632 ων
1175 4579 1256 4634 νυνΡ
1272 4579 1275 4646 Ι
1291 4579 1328 4634 31
1342 4580 1443 4633 λαλεῖν
1460 4573 1542 4634 έν
1505 4583 1584 4654 αυτῷ
1599 4581 1622 4632 A
1638 4582 1641 4643 Ι

335 4665 438 4730 νοῆσαι
456 4662 557 4736 καρδίη
575 4660 631 4731 DC]
655 4677 754 4732 νοησει
771 4663 891 4732 καρδιας
907 4661 929 4714 Ρ
945 4653 984 4730 Ι(
965 4680 1004 4726 ως
1021 4663 1055 4731 A]
1079 4680 1112 4726 ος
1129 4663 1151 4717 Ρ
1166 4665 1170 4730 Ι
1186 4663 1277 4718 Lficke
1294 4661 1366 4718 nach
1383 4666 1414 4719 Δ.
