3734 5532
345 489 384 552 40
886 483 963 538 Buch
981 483 1101 540 Henoch.

343 651 420 746 περί
436 651 497 734 τῆς
512 640 612 731 δόξης
627 650 773 732 καὶπερὶ
789 649 850 734 τῆς
864 645 1092 736 μεγαλοσύνης
1115 641 1229 718 αύτοῦ.
1274 657 1311 717 17
1334 645 1375 718 τό
1397 651 1521 734 ἔδαφος
1544 645 1649 720 αύτοῦ

344 749 387 834 ι’γν
401 741 515 832 πυρός,
525 741 566 814 τό
583 750 617 814 δὲ
633 740 809 832 ἀνώτερον
824 741 930 816 αύτού
944 738 1029 835 ἦσαν
1044 743 1211 833 ἀστραπαί
1226 751 1282 816 καί
1297 751 1472 836 διαδρομαί
1488 743 1648 833 ἀστέρων,

343 851 399 916 καί
415 841 436 933 ἡ
451 849 549 933 στέγη
565 839 671 914 αύτού
689 835 731 932 ἦν
752 849 819 933 πῦρ
842 851 978 932 φλέγον.
1016 857 1052 918 18
1076 846 1249 934 ἐθεώρουν
1270 851 1306 916 δέ
1327 852 1382 917 καί
1405 848 1496 918 εἶδον
1518 844 1649 935 θρόνον

344 941 478 1033 ύφηλόν
504 951 559 1013 καὶ
586 943 627 1014 τὸ
655 945 742 1026 είδος
764 940 869 1013 αύτοῦ
892 941 970 1014 ώσεί
993 943 1240 1033 κρυστάλλινον
1260 951 1314 1015 καί
1337 944 1459 1035 τροχὸς
1482 942 1530 1028 ώς
1551 942 1650 1035 ἡλίου

310 1059 326 1112 5
344 1040 541 1132 λάμποντος
551 1049 606 1112 καί
617 1035 696 1130 ὅρος
708 1049 871 1132 χερουβίν.
895 1053 997 1116 19καί
1008 1041 1171 1116 ύποκάτω
1188 1050 1250 1117 τοῦ
1260 1043 1391 1134 θρόνου
1405 1045 1648 1133 ἐξεπορεύοντο

343 1149 492 1232 ποταμοί
507 1139 616 1232 πυρὸς
631 1140 831 1231 φλεγόμενοι
846 1151 902 1214 καί
921 1144 982 1215 ούκ
1004 1143 1194 1234 ἐδυνάσθην
1217 1151 1307 1215 ίδείν.
1342 1157 1382 1216 20
1404 1151 1459 1216 καί
1482 1141 1503 1233 ἦ
1525 1143 1607 1231 δόξα
1629 1141 1649 1234 ἡ

344 1239 469 1332 μεγάλη
483 1238 633 1330 ἐκάθητο
649 1238 700 1313 ἐπ’
717 1239 824 1332 αύτῷ·
847 1243 887 1315 τό
910 1241 1126 1332 περιβόλαιον
1141 1241 1246 1315 αύτού
1261 1240 1320 1330 [ώς
1335 1244 1432 1330 είδος]
1452 1240 1551 1334 ἡλίου
1572 1253 1650 1334 λαμ-

344 1338 514 1430 πρότερον
529 1347 584 1410 καί
600 1337 801 1431 λευκότερον
816 1339 925 1432 πάσης
937 1340 1060 1431 χιόνος.
1096 1353 1133 1414 21
1150 1351 1206 1414 καί
1222 1341 1283 1416 ούκ
1305 1342 1446 1414 ἐδύνατο
1468 1350 1535 1427 πᾶς
1557 1343 1649 1434 ἄγγε-

346 1454 405 1524 λος
423 1451 609 1528 παρελθεῖν
622 1446 668 1524 είς
685 1439 747 1512 τὸν
762 1442 858 1512 οίκον
871 1448 998 1513 τοῦτον
1013 1451 1068 1514 καί
1089 1449 1171 1514 ίδεῑν
1192 1440 1234 1514 τό
1256 1441 1445 1532 πρόσωπον
1469 1439 1574 1514 αύτοῦ
1596 1443 1650 1515 διὰ

294 1562 328 1616 10
345 1539 386 1612 τό
402 1541 540 1630 ἔντιμον
555 1547 609 1610 καί
624 1541 772 1625 ἔνδοξον.
807 1547 862 1610 καί
878 1538 940 1612 ούκ
954 1540 1097 1613 ἐδύνατο
1112 1547 1203 1614 πᾶσα
1218 1540 1302 1632 σάρξ
1321 1545 1404 1614 ίύεῑν
1425 1539 1532 1615 αύτοῦ
1554 1553 1593 1616 22
1609 1541 1649 1614 τό

345 1645 412 1727 πῦρ
440 1635 651 1729 φλεγόμενον
676 1638 800 1728 κύκλῳ.
831 1647 887 1712 καί
913 1647 980 1727 πῦρ
1001 1647 1084 1732 μέγα
1105 1638 1319 1730 παρειστήκει
1340 1639 1444 1731 αύτῷ,
1467 1648 1521 1712 καί
1543 1639 1650 1725 ούύείς

345 1743 463 1828 ἐγγίζει
478 1737 572 1830 αύτῷ
584 1743 688 1826 (τῶν)
703 1737 828 1829 κύκλῳ,
843 1748 957 1832 μυρίαι
970 1738 1125 1831 μυριάδες
1141 1740 1284 1828 ἐστηκαν
1302 1741 1451 1812 ἐνώπιον
1466 1736 1581 1825 αύτού,
1596 1751 1650 1812 καί

345 1845 412 1922 πᾶς
432 1837 533 1928 λόγος
557 1834 662 1909 αύτοῦ
686 1840 794 1928 ἐργον.
834 1851 874 1914 23
898 1847 952 1912 καί
976 1845 1008 1912 οί
1030 1833 1118 1930 ἀγιοι
1140 1846 1213 1912 τῶν
1236 1835 1388 1928 ἀγγέλων
1410 1843 1442 1912 οί
1464 1843 1651 1929 ἐγγίζοντες

346 1935 439 2028 αύτῷ
456 1935 517 2009 ούκ
532 1935 770 2026 ἀποχωροῦσιν
786 1939 908 2022 νυκτός
923 1933 1003 2012 οὔτε
1022 1937 1225 2027 ἀφίστανται
1240 1936 1354 2010 αύτοῦ.
1390 1949 1429 2010 24
1445 1937 1539 2029 κάγώ
1563 1938 1650 2030 ἢμην

295 2057 327 2111 15
347 2038 410 2120 ἐως
432 2035 559 2108 τούτου
581 2040 636 2108 ἐπὶ
657 2033 846 2126 πρόσωπόν
867 2067 933 2130 μου
953 2047 1153 2128 βεβλημένος
1174 2044 1229 2108 καί
1252 2043 1393 2125 τρέμων.
1418 2045 1473 2110 καί
1496 2034 1515 2110 ό
1537 2039 1651 2130 κύριος
1742 2121 1749 2136 ,

345 2143 397 2227 τῷ
424 2135 566 2226 στόματι
589 2133 695 2208 αύτοῦ
721 2135 877 2210 ἐκάλεσέν
901 2167 940 2226 με
967 2146 1022 2209 καί
1044 2141 1137 2210 είπέν
1158 2159 1226 2226 μοι·
1249 2133 1417 2226 πρόςελθε
1439 2130 1515 2224 ώδε,
1538 2135 1650 2229 Ἑνώχ,

343 2243 399 2307 καὶ
421 2237 486 2312 τὸν
508 2234 612 2326 λόγον
632 2265 698 2325 μου
724 2235 879 2308 ἄκουσον.
931 2249 971 2310 25
1000 2243 1055 2309 καί
1077 2236 1281 2325 προςελθών
1301 2265 1358 2325 μοι
1380 2235 1428 2320 είς
1450 2245 1523 2309 τῶν
1545 2234 1651 2327 άγίων

345 2334 476 2425 ἢγειρέν
501 2365 540 2426 με
565 2343 620 2408 καί
648 2337 786 2425 ἔστησέν
811 2365 850 2426 με
877 2344 932 2407 καί
953 2335 1164 2426 προςὴγαγέν
1184 2364 1224 2423 με
1245 2341 1339 2425 μέχρι
1361 2341 1423 2426 τῆς
1444 2335 1561 2426 θύρας,
1584 2338 1650 2428 ἐγώ

346 2442 382 2507 δέ
403 2434 444 2506 τό
466 2432 655 2526 πρόσωπόν
676 2461 741 2524 μου
761 2433 857 2506 κάτω
881 2439 1017 2522 έκυφον.

294 2549 328 2605 20
427 2540 495 2620 XV,
513 2551 527 2608 1
546 2542 610 2608 Καὶ
625 2530 823 2622 ἀποκριθεὶς
837 2537 931 2606 είπέν
951 2563 1007 2624 μοι
1031 2529 1062 2620 [ό
1077 2533 1264 2622 ἄνθρωπος
1287 2528 1306 2605 ό
1328 2529 1492 2625 ἀληθινός
1514 2533 1650 2624 ἄνθρω-

345 2663 411 2718 πος
439 2642 498 2725 τῆς
523 2631 682 2726 ἀληθείας
708 2629 726 2705 ὁ
750 2633 980 2723 γραμματεύς]
1004 2639 1142 2723 καὶτῆς
1174 2639 1290 2722 φωνῆς
1317 2629 1423 2706 αύτοῦ
1445 2633 1585 2724 ἤκουσα·
1606 2632 1651 2724 μὴ

347 2742 513 2824 φοβηθῇς,
544 2731 647 2824 Ἑνώχ
674 2729 726 2823 <ό>
750 2733 935 2822 ἅνθρωπος
965 2730 1128 2823 ἀληθινός
1157 2739 1213 2804 καί
1244 2734 1454 2822 γραμματεύς
1485 2739 1546 2824 τῆς
1573 2728 1651 2823 ἀλη-

347 2841 453 2918 θείας,
477 2831 643 2924 πρύςελθε
666 2825 732 2905 ώδε
759 2839 814 2904 καί
837 2837 898 2921 τῆς
921 2840 1039 2922 φωνῆς
1060 2862 1125 2923 μου
1147 2831 1305 2903 ἄκουσον·
1347 2845 1365 2905 2
1388 2832 1577 2924 πορεύθητι
1597 2841 1653 2904 καί

348 2939 418 3005 εἰπὲ
441 2953 513 3018 τοῖς
533 2940 704 3024 πέμφασίν
729 2957 764 3004 σε
787 2960 806 2994 τ
829 2959 847 2992 τ
870 2961 888 2994 τ
911 2961 929 2993 τ
951 2936 1118 3024 ἐρωτῆσαι
1139 2929 1222 3022 ὑμᾶς
1244 2933 1308 3003 ἔδει
1330 2940 1404 3020 περί
1426 2939 1500 3004 τῶν
1519 2927 1654 3022 ἀνθρώ-

295 3053 329 3112 25
346 3061 425 3106 πων
455 3042 510 3104 καί
540 3033 584 3124 μὴ
616 3033 697 3116 τούς
727 3030 934 3123 ἀνθρώπους
960 3038 1036 3120 περί
1061 3029 1165 3119 ὑμῶν.
1214 3031 1308 3104 3ιίιά
1331 3037 1364 3101 τί
1386 3028 1566 3104 ἀπελίπετε
1590 3028 1653 3102 τὸν

347 3131 495 3224 ούρανόν
523 3134 585 3206 τὸν
611 3130 745 3222 ύψηλὸν
773 3132 836 3205 τόν
857 3126 953 3221 άγιον
975 3137 1037 3203 τοῦ
1058 3137 1184 3213 αίώνος
1204 3137 1260 3201 καί
1281 3129 1364 3220 μετὰ
1388 3137 1461 3202 τών
1483 3137 1653 3220 γυναικών

346 3233 549 3324 ἐκοιμήθητε
576 3241 631 3304 καί
653 3233 736 3323 μετά
759 3240 833 3304 τών
855 3237 1057 3321 θυγατέρων
1078 3237 1151 3302 τῶν
1172 3227 1371 3318 ἀνθρώπων
1394 3227 1576 3320 ἐμιάνθητε
1597 3237 1653 3300 καί

345 3331 481 3418 ἐλάβετε
517 3334 649 3416 ἑαυτοῖς
679 3351 836 3422 γυναῖκας
866 3337 954 3420 <καί>
987 3327 1100 3418 ώσπερ
1131 3331 1196 3400 υίοί
1227 3335 1288 3418 τῆς
1315 3333 1374 3418 γῆς
1395 3327 1575 3420 ἐποιήσατε
1596 3339 1654 3401 καί

345 3431 543 3523 ἐγεννήσατε
570 3434 701 3516 ἑαυτοῖς
724 3439 828 3503 τέκνα
849 3431 942 3514 υίούς
964 3439 1132 3520 γίγαντας.
1175 3441 1194 3500 4
1216 3437 1271 3500 καί
1292 3425 1384 3517 ύμείς
1405 3421 1465 3519 ἦτε
1487 3421 1575 3517 ἀγιοι
1597 3435 1652 3500 καί

429 4047 480 4102 XV
499 4048 532 4102 ef.
550 4047 686 4103 Minucius
698 4047 782 4112 Felix,
801 4047 929 4103 Octavius
949 4065 970 4102 α
983 4047 1023 4100 26.
1038 4043 1163 4100 Clemens
1181 4043 1276 4098 homil.
1294 4043 1359 4098 VIII
1378 4045 1418 4107 13,
1438 4043 1502 4098 VIII
1515 4047 1555 4101 15.

429 4233 449 4288 4
467 4225 536 4288 ὡσεί
554 4231 650 4302 Swete]
664 4249 726 4290 ωσν
740 4233 744 4302 Ι
759 4233 778 4289 5
792 4249 863 4302 ορος
875 4232 897 4286 Ρ
910 4221 1049 4300 ύρασιςΙ)
1062 4221 1159 4298 ὂψεως
1171 4227 1192 4282 C
1204 4223 1295 4299 χορὸς
1306 4233 1338 4283 A.
1350 4227 1445 4298 Meyer
1459 4229 1464 4296 Ι
1479 4229 1498 4286 6
1511 4225 1652 4297 φλεγομέ-

345 4337 397 4373 νου
414 4317 460 4372 Ac
479 4317 562 4386 (wohl
579 4315 690 4387 riehfig)
705 4319 710 4386 1
726 4320 743 4375 7
762 4307 802 4383 ὥς
819 4310 894 4382 είδος
911 4324 944 4375 <
956 4318 981 4369 A
993 4313 1058 4384 tilgt
1075 4312 1095 4367 G
1110 4314 1115 4381 l
1131 4313 1170 4370 10
1187 4309 1257 4368 ίιίείν
1273 4303 1369 4368 αὐτόν.
1399 4305 1433 4368 τό
1453 4317 1510 4381 πῦρ
1528 4313 1587 4368 κτλ.
1606 4315 1631 4366 A
1647 4322 1649 4343 ¹

346 4403 384 4460 12
402 4409 461 4458 τῶν
478 4409 510 4467 ÷
530 4401 602 4458 Diels
621 4403 627 4472 1
647 4419 753 4473 εστηκα
772 4403 794 4456 Ρ
812 4393 967 4470 ἑστήκασιν
984 4397 1074 4466 AIA!
1095 4397 1133 4454 13
1151 4390 1290 4468 ἀγγέλων]
1317 4391 1408 4468 ἁγίων
1425 4397 1448 4450 A
1472 4399 1476 4465 I
1503 4398 1540 4454 17
1558 4399 1607 4453 καί
1618 4425 1652 4437 -

347 4489 385 4545 18
397 4505 433 4554 με
445 4495 478 4546 <
490 4488 514 4540 A
529 4489 533 4556 Ι
549 4487 588 4544 20
601 4477 618 4542 ό
630 4518 662 4526 -
676 4487 712 4543 21
728 4480 914 4558 γραμματεὺς
925 4493 958 4544 <
969 4487 994 4538 A
1009 4484 1013 4552 Ι
1029 4482 1067 4540 22
1087 4475 1103 4538 ὁ
1116 4491 1149 4541 <
1160 4483 1208 4536 PA
1222 4483 1227 4549 Ι
1243 4481 1283 4538 24
1301 4482 1393 4536 111ο1ο
1406 4481 1491 4536 durch
1503 4481 1651 4538 Ηοωσοίε-

344 4573 448 4628 leuton.
466 4571 529 4643 Erg.
541 4571 647 4626 nachA
661 4567 819 4642 (ἐρωτῆσαι
831 4571 897 4639 περί
910 4560 1006 4623 αὐτῶν
1017 4559 1199 4639 ἐγρηγόρως)
1215 4569 1219 4634 Ι
1234 4567 1273 4624 25
1293 4569 1476 4622 απελτιπεται
1492 4565 1515 4620 Ρ
1531 4567 1535 4634 Ι
1551 4565 1592 4624 28
1603 4568 1652 4622 καί

345 4665 377 4722 †
387 4661 412 4712 A
427 4659 431 4726 Ι
447 4653 503 4726 <οί>
517 4653 595 4713 υίοί2
610 4659 615 4726 Ι
630 4657 669 4713 29
682 4655 755 4711 viell.
774 4653 860 4710 τέκνα
877 4645 945 4716 τούς
962 4653 1103 4724 γίγαντας.
